2186 3532
439 276 528 324 csso
544 274 660 337 utros,
675 273 735 339 sno

197 427 293 504 gendt
312 438 367 500 est,
392 428 416 486 si
438 427 558 487 omnino
579 426 736 506 exstinguit
758 426 901 499 unimum3
930 437 982 488 unt

196 523 283 582 etiam
305 524 440 602 optanda,
461 525 485 584 si
508 525 605 601 aliquo
626 543 694 582 eum
715 524 843 597 deducit,
865 524 916 583 ubi
943 524 983 583 εἰ

196 619 308 679 futurus
322 632 453 681 eternus.
495 622 585 697 Atqui
599 621 716 680 tertium
730 631 809 679 certe
819 621 891 679 nihil
901 621 979 680 inve-

187 716 251 774 niri
271 728 374 794 potest
414 718 498 780 Quid
525 717 613 795 igitur
638 717 764 790 timeam,
792 716 817 774 si
843 727 894 775 sut
919 735 980 776 non
1078 780 1080 791 7

164 812 282 878 5miser
307 827 373 892 post
399 825 529 887 mortem,
552 823 600 873 sut
623 814 725 872 beatus
744 814 842 886 etiem,
862 813 980 874 futurus
1078 814 1080 863 ἶ

1078 880 1080 1023 i

153 914 159 919 ’
195 913 281 969 sumi

232 1007 410 1084 Quanquam
431 1008 496 1084 quis
516 1018 560 1066 est
579 1018 638 1066 tum
659 1007 772 1080 stultus,
793 1006 924 1084 quumvis
942 1005 980 1065 sit

195 1103 373 1178 adolescens,
390 1104 437 1163 cui
451 1105 488 1163 sit
507 1105 695 1181 exploratum,
717 1123 749 1162 se
771 1104 807 1162 ed
828 1120 978 1180 vesperum

194 1218 258 1258 esse
291 1200 455 1260 victurum?
506 1201 678 1263 Quinetiam
711 1210 779 1259 aetas
810 1200 862 1258 ills
887 1199 978 1259 multo

148 1301 180 1352 10
193 1296 300 1373 plures,
328 1316 413 1374 quum
434 1308 542 1370 nostru,
563 1298 664 1356 mortis
684 1316 769 1357 cesus
789 1296 882 1355 hebet.
923 1295 980 1356 F·-

193 1393 278 1452 cilius
292 1395 322 1452 in
337 1396 454 1453 morbos
474 1394 607 1453 incidunt
628 1394 843 1466 adolescentes3
864 1393 979 1472 gratius

194 1501 349 1568 aegrotnnt;
370 1491 479 1550 tristius
493 1502 638 1550 curentur.
679 1484 784 1567 Itaque'
800 1491 886 1568 pauci
899 1489 979 1548 veni·

193 1598 245 1646 unt
260 1587 294 1646 sd
309 1599 486 1647 senectutem
499 1608 506 1646 z
527 1587 603 1664 qnod
614 1588 644 1645 ni
655 1588 696 1646 ite
706 1587 860 1660 accideret,
872 1586 978 1647 melius

193 1695 223 1742 et
234 1670 404 1761 prudentius
417 1686 566 1743 viveretur.
608 1683 694 1742 Mens
708 1684 795 1757 enim,
809 1696 838 1743 et
852 1684 936 1758 ratio,
947 1693 977 1744 et

147 1794 179 1843 15
195 1781 355 1853 consilium,
371 1781 400 1838 in
421 1781 537 1839 senibus
558 1791 616 1851 est;
638 1781 686 1856 qui
708 1781 732 1838 si
753 1781 823 1839 nulli
844 1780 974 1854 fuissent,

194 1877 280 1934 nullae
302 1877 421 1935 omnino
444 1877 575 1934 civitates
596 1888 700 1935 essent.
751 1877 809 1936 Sed
830 1877 918 1937 redeo
940 1875 977 1936 ud

194 1986 314 2030 mortem
337 1972 558 2049 impendentem.
598 1973 689 2036 Quod
711 1973 781 2032 illud
802 1984 846 2032 est
866 1973 977 2032 crimen

193 2068 361 2134 senectutis,
376 2087 443 2126 cum
464 2067 533 2127 illud
555 2069 675 2127 rideatis
696 2088 761 2127 curn
783 2068 978 2129 adolescendi

193 2180 257 2220 esse
270 2166 443 2223 commune?
484 2164 568 2222 Sensi
580 2182 645 2242 ego,
657 2183 724 2223 curn
738 2165 767 2222 in
788 2165 897 2242 optimo
916 2164 976 2243 filio

145 2263 178 2314 20
192 2279 268 2333 meo,
282 2270 342 2319 tum
363 2261 394 2318 iu
414 2261 587 2338 exspectetis
608 2261 643 2320 nd
665 2261 868 2338 amplissimum
882 2261 974 2340 digni·

191 2366 280 2415 tutem
294 2357 428 2416 fratribus
441 2357 507 2431 tuis,
530 2358 639 2436 Scipio,
654 2358 734 2417 omni
756 2358 832 2416 etati
852 2368 971 2418 mortem

190 2472 255 2510 esse
269 2472 461 2512 communem.

231 2551 273 2608 At
294 2561 389 2627 sperat
404 2549 582 2623 adolescens,
597 2550 647 2609 diu
667 2570 698 2609 se
719 2550 877 2623 victurum3
899 2549 976 2627 qnod

191 2665 306 2724 sperare
334 2646 409 2705 idem
437 2666 526 2705 senex
557 2666 617 2705 non
649 2656 749 2723 potest.
803 2646 976 2725 Insipienter

145 2765 176 2817 25
191 2753 294 2820 sperat.
333 2742 417 2807 Quid
438 2743 516 2801 enim
537 2742 662 2814 stultius,
683 2760 769 2820 quam
790 2742 904 2805 incerta
922 2760 976 2821 pro

191 2841 279 2898 certis
292 2840 408 2914 habere,
423 2841 495 2900 fuiss
509 2859 562 2917 pro
584 2840 678 2898 seris?
719 2840 815 2898 Senex
837 2860 885 2914 ne,
898 2838 976 2916 quod

163 2990 167 2995 .
191 2947 286 3011 speret
300 2936 425 3014 quidem,
441 2936 535 2995 habet.
577 2937 618 2994 At
637 2946 681 2995 est
694 2954 732 2995 eo
745 2937 863 2995 meliore
877 2934 976 2994 condi·

190 3030 280 3106 tiene,
294 3052 380 3110 quum
403 3034 586 3105 udolescens;
609 3051 675 3092 curn
698 3033 737 3107 id,
752 3033 892 3111 qnodjlle
913 3048 977 3109 spe-

1077 418 1080 561 Ι

1073 644 1080 761 ³.
