2186 3532
297 266 436 331 mnus,
451 270 527 318 SIVE
546 270 590 317 DE
610 268 767 317 AMICITIA.
911 256 973 323 ’Π

120 414 226 477 ⁴etism
247 429 313 495 post
336 429 467 491 mortem,
488 418 582 477 secuti
603 416 689 476 amici
710 426 741 475 et
762 413 925 494 propinqui,

136 514 206 592 quid
230 515 260 574 in
279 515 312 573 P.
334 515 500 592 Scipionem
523 514 682 586 effecerint,
704 514 767 571 siue
789 496 925 590 lacrymis

138 630 197 670 non
211 630 286 688 queo
300 611 406 670 dicere.
446 611 476 669 N
479 631 523 670 um
532 611 707 682 Carbonem,
716 628 830 686 quoquo
838 608 924 667 modo

137 708 293 786 potuimus,
307 718 423 785 propter
436 718 583 766 recentem
596 726 710 784 poencm
725 705 773 764 Ti.
785 704 922 778 Gracchi,

137 805 345 863 sustinuimus:
373 804 410 862 de
431 803 466 863 Ο.
492 803 620 863 Gracchi
647 812 742 861 sutem
765 801 954 875 tribunatu‚5

137 901 206 977 quid
220 911 393 978 exspectem,
402 920 462 958 non
470 900 541 958 libet
551 899 693 978 augurari.
735 898 831 975 Serpit
844 899 922 957 enim

138 996 244 1056 deinde
265 1016 332 1056 res:
361 1018 423 1074 quae
444 996 600 1074 proclivius
615 997 650 1055 cd
670 995 839 1073 perniciem,
855 1014 922 1057 cum

137 1093 227 1152 semei
253 1094 349 1171 coepit,
373 1094 486 1153 labitur.
527 1093 651 1166 Videtis,
678 1093 709 1152 in
735 1092 841 1151 tabent
862 1092 922 1169 jam

139 1200 206 1248 unte
218 1201 325 1268 quanta
338 1191 375 1250 sit
389 1191 466 1250 fectu
477 1190 568 1263 labes,
589 1190 683 1267 primo
698 1189 824 1248 Gabinid
846 1188 922 1267 lege,

119 1316 123 1321 ·
139 1283 256 1346 biennio
270 1298 365 1346 cutem
377 1297 453 1365 post,
470 1287 582 1345 Cassid.
624 1286 732 1345 Videre
750 1286 809 1363 jsm
823 1285 922 1344 videor
937 1295 968 1353 1⁰

138 1385 275 1461 oopulum
297 1403 314 1443 s
340 1394 441 1489 senlrttu
465 1384 650 1485 disiunctum,
675 1381 922 1458 multitudiuisque

139 1481 255 1539 arbitrio
269 1499 315 1539 res
328 1481 466 1539 maximas
485 1480 540 1556 agi.
581 1479 682 1536 Plures
702 1478 779 1535 enim
800 1477 921 1551 discent,

117 1610 120 1615 <
137 1577 376 1653 quemadmodum
390 1576 453 1634 hec
473 1572 553 1648 licut,
576 1594 661 1651 quem
683 1574 922 1652 quemadmodum

139 1673 183 1732 his
195 1674 352 1733 resistatur.
372 1650 435 1771 h(

175 1770 324 1833 Quorsum
346 1771 433 1829 haect
453 1770 522 1847 quis
543 1770 607 1828 sine
624 1768 713 1829 sociis
733 1788 819 1827 nemo
842 1766 923 1845 quid·
937 1772 967 1823 lt

136 1880 222 1942 quem
235 1867 293 1925 tale
307 1878 435 1925 conetur.
476 1866 706 1943 Precipiendum
718 1876 762 1924 est
775 1866 862 1944 igitur
873 1866 924 1924 bo-
940 1892 943 1898 Δ

131 1994 187 2047 nis,
197 1985 238 2046 ut,
252 1993 277 2031 sr
291 1973 321 2030 in
336 1972 477 2050 ejusmodi
489 1970 631 2029 amicitias
640 1968 731 2046 ignari
743 1986 811 2025 cssu
821 1966 917 2043 aliquo

133 2071 297 2143 inciderint,
319 2089 357 2127 ne
374 2069 548 2139 existiment,
573 2067 614 2123 ite
631 2084 662 2123 se
677 2064 819 2141 alligatos,
833 2073 865 2121 ut
880 2063 917 2121 sb

133 2168 235 2226 amicis
246 2167 275 2224 in
286 2165 392 2244 magud
407 2164 502 2241 aliqud
515 2183 547 2221 rc
556 2161 746 2239 peccantibus
754 2179 811 2218 uon
825 2159 918 2216 disce·

132 2264 210 2322 dsnt.
251 2262 394 2339 Improbis
408 2271 501 2319 autem
515 2278 602 2336 poeuc
614 2257 766 2316 statuenda
778 2266 838 2326 cst;
859 2272 916 2313 nec
931 2265 963 2315 2⁰

135 2360 307 2418 comminor
322 2359 357 2416 iis
367 2359 417 2434 qui
430 2357 523 2415 secuti
537 2364 622 2413 crunt
637 2354 767 2424 alterum,
781 2371 865 2429 quum
880 2350 916 2409 iis
941 2368 944 2373 ⁴

132 2457 182 2534 qui
203 2457 257 2534 ipsi
278 2455 384 2514 fuerint
404 2453 560 2530 impietatis
579 2451 677 2509 duces.
717 2449 796 2512 Quis
812 2446 919 2506 clarior

134 2573 164 2612 ιιι
187 2552 302 2612 Grecid
325 2549 547 2610 Themistocle?
576 2547 641 2623 quis
661 2545 828 2624 potentiori
857 2543 916 2619 qui,

134 2669 202 2708 cum
216 2649 368 2724 imperator
382 2646 458 2704 bello
478 2644 596 2703 Persico
619 2644 754 2702 servitute
774 2629 917 2699 Groedicm

135 2745 294 2816 liberisset,
313 2754 485 2821 propterque
505 2741 640 2799 invidiam
660 2740 690 2798 in
711 2738 842 2797 exsilium
856 2736 918 2813 pul·
932 2740 964 2792 25

135 2862 185 2902 sus
198 2852 282 2912 esset,
297 2841 415 2918 ingrate
428 2838 528 2916 patrie
537 2837 669 2914 injuriam
679 2855 738 2893 non
748 2833 823 2905 tulit,
832 2851 918 2909 quum

135 2940 211 2999 ferre
225 2937 331 2995 debuit.
372 2935 458 2994 Fecit
471 2934 558 3006 idem,
583 2932 659 3010 quod
679 2931 741 2990 XX
756 2929 838 2988 anuis
853 2938 919 2989 unte

136 3035 212 3114 apud
224 3053 278 3094 nos
292 3034 399 3092 fecerat
412 3031 593 3090 Coriolanus.
626 3029 682 3087 His
693 3027 804 3106 adjutor
818 3035 920 3087 contrs

329 3132 348 3190 7
362 3128 380 3165 s
