2186 3532
120 417 231 496 geratio
258 427 366 490 aestate,
394 429 423 477 et
448 417 576 476 vicissim
604 427 653 476 aut
679 415 722 475 sol
749 426 799 479 aut
832 415 909 495 ignis

120 513 276 577 hibernus:
298 534 361 590 qua
372 514 484 590 quidem
500 514 530 571 in
545 513 663 572 Sabinis
676 513 762 572 etism
775 514 909 590 persequi

20 619 25 631 “
121 610 210 684 soleo,
219 610 439 687 conviviumque
449 610 610 671 vicinorum
620 609 749 686 quotidie
758 610 907 687 eompleo;

121 707 199 785 quod
222 706 258 764 ad
279 705 398 764 multam
418 715 546 778 noctem,
559 725 645 782 quam
665 704 788 763 maxime
809 725 909 782 possu-

120 821 195 875 mus,
210 802 289 861 vario
303 821 434 860 sermone
446 801 641 880 producimus.
780 856 785 863 ,
824 855 831 880 ,
922 819 939 869 5

160 899 203 958 At
222 918 281 956 non
295 908 339 956 est
351 898 528 975 voluptatum
549 907 630 959 tanta
643 898 724 974 quasi
737 898 864 957 titillatio
878 899 908 958 in

121 995 248 1061 senibus.
288 995 401 1054 Credo:
435 995 486 1053 sed
512 1014 550 1053 ne
578 995 750 1054 desideratio
782 996 907 1072 quidem.

121 1091 204 1151 Nihil
232 1103 327 1151 sutem
360 1091 522 1165 molestum,
550 1092 627 1168 quod
659 1098 719 1151 n'on
752 1091 907 1151 desideres.

120 1188 201 1258 Bene
222 1188 392 1267 Sophocles,
407 1208 473 1247 eum
494 1208 531 1246 ex
544 1208 578 1247 eo
590 1188 718 1265 quidam,
729 1189 788 1267 jam
803 1190 907 1248 affecto

121 1294 215 1359 oetate,
248 1295 396 1362 quereret,
437 1295 602 1344 utereturne
639 1286 725 1344 rebus
757 1285 906 1347 venereisl
922 1291 954 1347 rt

121 1388 141 1438 .“
150 1380 201 1459 Dii
221 1381 381 1445 melioral”
409 1381 518 1458 inquit:
550 1381 701 1441 “libenter
721 1402 790 1441 vero
809 1383 906 1456 istinc,

120 1489 267 1554 tamquam
287 1477 435 1536 adomino
456 1477 560 1555 agresti
575 1496 609 1535 ae
630 1477 747 1550 furioso,
760 1480 905 1557 profugi.”

121 1572 243 1650 Cupidis
254 1573 331 1630 enim
346 1590 444 1630 rerum
454 1572 555 1629 talium
569 1572 699 1633 odiosum
713 1582 742 1630 et
755 1573 907 1633 molestum

121 1678 166 1729 est
185 1668 305 1727 sortasse
325 1686 440 1726 carere:
461 1667 573 1726 satiatis
592 1686 659 1725 vero
679 1678 708 1727 et
728 1669 848 1746 expletis
864 1669 909 1747 ju-

121 1764 246 1823 onndius
266 1775 309 1822 est
329 1782 437 1835 emere,
458 1783 543 1839 quam
565 1763 636 1822 frui:
667 1783 828 1842 quanquam
849 1784 908 1825 non
923 1770 954 1829 15

122 1871 202 1920 earet
215 1860 249 1933 is,
264 1859 313 1937 qui
326 1879 386 1918 non
399 1860 551 1919 desiderat.
593 1859 672 1939 Ergo
692 1861 747 1920 hoe
760 1881 820 1921 non
834 1863 908 1923 desi·

121 1957 232 2030 derare,
246 1957 314 2027 dieo
327 1975 390 2027 esse
410 1956 578 2034 jucundius,
592 1976 677 2033 quam
691 1957 757 2017 frui.

159 2052 249 2115 Quod
281 2053 305 2111 si
332 2052 394 2111 istis
420 2052 489 2129 ipsis
515 2053 710 2130 voluptatibus
735 2056 812 2116 bona
838 2067 907 2117 setas

122 2149 225 2210 fruitur
238 2148 389 2220 libentius;
410 2149 534 2226 primum
554 2150 679 2226 parvulis
693 2151 795 2212 fruitur
809 2155 905 2227 rebus,

121 2257 154 2306 ut
167 2245 307 2305 diximus:
328 2245 434 2303 deinde
455 2245 500 2310 iis,
515 2246 618 2322 quibus
638 2259 782 2322 senectus,
803 2249 827 2307 si
847 2268 907 2308 non
921 2254 956 2307 tt

103 2367 106 2372 ·
122 2342 236 2402 abunde
249 2342 367 2419 potitur,
378 2360 438 2399 non
448 2341 567 2400 omnino
578 2353 665 2402 earet.
706 2344 745 2403 Ut
755 2345 907 2421 Turpione

121 2438 258 2497 Ambivio
278 2437 370 2516 magis
391 2438 559 2511 delectatur,
579 2439 629 2515 qui
649 2440 680 2499 in
698 2441 791 2518 primi
818 2442 908 2500 narei

122 2544 249 2612 speetat;
270 2534 429 2593 delectatur
450 2543 556 2606 tamen,
577 2535 663 2594 etiam
677 2537 726 2614 qui
747 2537 776 2599 in
795 2537 907 2609 ultimi,

9 2684 13 2691 ,
122 2632 166 2690 sio
180 2631 383 2703 adolescentia,
397 2629 556 2707 voluptates
569 2651 659 2709 prope
679 2634 803 2707 intuens,
818 2634 909 2712 magis

121 2713 244 2787 sortasse
262 2727 390 2786 laetatur:
412 2726 463 2785 sed
483 2727 643 2787 delectatur
662 2729 749 2789 etiam
762 2742 908 2806 senectus,
924 2740 958 2791 25

14 2860 22 2867 -
122 2822 224 2904 proeal
239 2841 287 2880 eas
300 2835 444 2900 spectans,
459 2834 580 2897 tantum,
594 2836 732 2902 quantum
746 2838 790 2886 sat
803 2838 855 2886 est.

161 2921 203 2978 At
218 2919 266 2978 illa
275 2920 374 2995 quanti
387 2930 464 2993 sunt,
476 2920 613 2994 animum,
624 2932 769 2999 tamqnam
783 2924 911 2984 emeritis

122 3016 274 3096 stipendiis
311 3015 449 3103 libidinis,
487 3016 661 3094 ambitionis,
676 3061 689 3087 ,-
703 3021 913 3109 contentionis,
