2178 3526
229 238 235 249 ’
281 279 749 341 isurussivsnummm.
907 269 947 330 or

110 440 188 505 nint,
216 442 246 491 et
272 441 322 491 sut
347 431 477 527 Deorupr
501 442 551 493 sut
577 451 678 511 rogum
700 431 753 491 lilii
779 429 900 506 irruenti,

110 527 237 591 retinent
249 538 347 587 tumen
360 529 509 588 esritstsor
524 529 554 591 in
567 539 707 607 pastores,
721 548 793 607 quos
804 539 901 607 putres

109 626 217 687 mrdtos
231 632 323 685 sonos
335 645 398 685 esse
418 620 570 687 duxeruut
609 627 701 690 Quod
721 627 839 704 quidem
856 635 902 685 ert

99 722 202 783 <multo
214 723 345 800 profecto
358 723 450 802 magis
463 723 494 782 in
508 723 583 782 veris
595 725 734 801 putribus,
747 724 900 800 certisque,

110 819 287 881 laciendum.
329 819 455 879 llruetus
478 820 556 879 enim
583 822 693 900 ingenii
719 831 749 879 et
775 821 935 895 virtutiqu

111 917 262 993 omnisque
275 918 457 993 prestantius,
471 927 533 977 tum
547 919 687 978 maximus
698 918 821 996 sepitur,
833 937 902 978 oum

98 1015 141 1085 ,in
154 1014 318 1093 proximum
331 1033 474 1092 quemque
488 1016 644 1075 confertur.

152 1207 223 1267 XX.
251 1207 291 1267 Ut
312 1208 400 1286 igitur
422 1208 453 1282 ii,
473 1209 522 1285 qui
544 1211 663 1269 suntin
685 1210 819 1270 amicitiis
833 1229 902 1269 sou·

97 1303 325 1385 -junstionisque
340 1306 554 1365 necessitudine
567 1308 739 1384 superiores,
751 1327 902 1383 exequere

110 1422 143 1463 se
167 1422 236 1463 eum
256 1403 440 1462 inferioribus
463 1404 587 1475 debent;
610 1404 653 1462 sio
674 1405 825 1463 inferiores
842 1424 901 1464 non
918 1412 949 1464 10

97 1498 221 1572 dolere,
243 1518 274 1558 se
302 1519 319 1558 s
344 1501 404 1558 suis
427 1510 475 1558 eut
495 1499 614 1578 iugenio
639 1511 688 1558 sut
710 1500 826 1558 fortunis
854 1512 903 1560 aut

110 1595 253 1674 dignitate
277 1596 423 1673 supersri:
452 1615 574 1672 quorum
599 1597 729 1673 plerique
759 1608 807 1655 aut
835 1616 903 1674 que·

110 1702 217 1753 runtur
235 1712 347 1770 semper
372 1693 489 1769 aliquid,
518 1704 567 1751 aut
593 1693 680 1752 etiam
709 1695 900 1770 exprobrant3

109 1808 208 1866 eoque
236 1790 338 1868 magis,
359 1789 393 1847 si
417 1790 523 1848 habere
547 1810 578 1848 se
606 1801 718 1868 putant,
740 1792 817 1868 quod
844 1791 905 1850 offi-

111 1887 194 1947 eiose
208 1896 237 1944 et
252 1886 354 1960 amice,
368 1898 478 1945 etcum
494 1887 594 1945 labore
609 1887 705 1964 aliquo
719 1907 782 1962 suo,
797 1888 903 1947 sautum
919 1895 951 1945 15

112 1994 222 2062 queant
236 1983 344 2042 dicere.
384 1983 527 2042 Odiosum
547 2004 617 2043 ssne
637 2004 730 2063 genus
743 1986 903 2059 hominum,

112 2081 212 2141 offieiu
231 2081 480 2159 exprobrantium
505 2102 568 2159 quae
588 2082 753 2141 meminisse
774 2084 859 2142 debet
879 2083 904 2141 is

112 2175 146 2239 in
170 2198 256 2255 quem
281 2178 387 2239 collatu
409 2189 486 2253 sunt,
511 2198 570 2238 non
593 2198 831 2253 sommemorare,
854 2180 904 2261 qui

112 2275 248 2336 eontulit„

153 2371 357 2435 Quamobrem
369 2380 402 2430 ut
415 2371 446 2445 ii,
457 2371 507 2448 qui
521 2372 683 2449 superiores
696 2385 773 2446 sunt,
788 2372 906 2431 submit·
919 2382 952 2432 2⁰

112 2479 229 2529 tereus
253 2468 361 2527 debent
386 2468 418 2526 iu
446 2469 583 2542 amicitie,
605 2469 648 2529 sie
672 2471 795 2547 quodum
819 2469 906 2527 modo

112 2565 267 2626 inferiores
293 2565 439 2624 extollere.
493 2566 569 2624 Sunt
596 2567 673 2627 enirn
700 2567 827 2644 quidum,
856 2565 906 2642 qui

113 2664 251 2723 molestus
263 2662 405 2737 amicitias
419 2663 537 2735 faciunt,
553 2682 619 2721 uum
633 2664 687 2741 ipsi
707 2684 739 2722 ss
758 2663 907 2722 contemni

113 2769 237 2840 putaut3
265 2759 342 2835 quod
368 2778 427 2818 non
452 2759 511 2817 sere
538 2761 690 2839 contingit,
714 2761 771 2820 nisi
798 2761 834 2818 iis
857 2759 907 2835 qui

114 2857 204 2917 etium
232 2856 461 2914 contemnendos
492 2875 523 2914 se
551 2857 741 2929 arbitrentur;
772 2858 836 2933 qui·
852 2856 907 2916 heo
921 2865 954 2917 25

114 2953 266 3032 opinione,
292 2971 353 3012 non
379 2953 466 3012 modo
492 2954 596 3028 verbis,
619 2955 670 3013 sed
697 2954 784 3015 etism
811 2970 907 3032 opere,
947 2998 952 3007 ,

109 3049 232 3127 *lessudi
245 3059 322 3109 sunt
418 3078 428 3099 ι
758 3056 761 3063 ’
