2186 3532
147 272 201 343 56Ι
270 301 271 305 =
358 278 496 339 umarus,
514 278 588 327 mvn
607 277 651 326 nu
671 276 828 326 anrcrrra

195 448 288 489 essem
302 428 371 502 uni,
386 439 415 487 et
427 429 515 506 pauoi
529 427 683 486 admodum
697 426 861 499 familiares,
872 424 904 484 in
917 442 986 485 aum
1076 494 1078 501 Ι

196 543 358 585 sermonem
372 525 454 584 ilium
467 525 607 598 incidere,
622 525 671 601 qui
691 535 752 583 turn
772 524 832 582 sere
851 504 1004 584 omnibus⁸

196 633 259 682 erat
278 622 309 681 in
328 642 388 681 ore.
434 621 595 681 Meministi
615 621 695 680 enim
712 620 851 698 proiecto,
872 618 985 694 Attiee,

197 731 227 779 et
246 739 282 779 eo
301 719 403 798 magis,
418 718 494 796 quod
514 717 546 777 P.
562 717 693 796 Sulpicio
713 718 832 776 utebare
852 715 985 790 multum,

166 835 183 886 5
198 816 280 897 (eum
294 816 473 891 is;tribunus
485 815 588 894 piebis,
603 813 719 892 oapitaii
733 813 801 873 odio
817 813 886 876 αα.
900 811 986 872 Pom·

196 914 274 992 peio,
296 915 345 991 qui
368 923 429 971 tum
453 909 515 972 erni
538 910 650 985 oonsul,
675 910 837 984 dissideret,
861 927 986 986 quocum

198 1009 434 1088 conjunctissime
458 1019 487 1067 et
514 1007 709 1067 amantissime
732 1007 854 1088 vixerat)
879 1016 987 1084 quanta

198 1107 345 1166 hominum
364 1116 440 1164 esset
457 1104 501 1164 vel
524 1104 684 1178 admiratio,
699 1103 743 1163 vel
763 1104 887 1181 querele
929 1103 987 1163 Ita·

197 1222 252 1280 que
266 1213 327 1261 tum
341 1202 481 1276 Scaevola,
496 1222 564 1261 eum
577 1202 608 1261 in
622 1221 686 1261 eom
700 1201 792 1279 ipsam
808 1199 987 1258 mentionem

152 1303 183 1354 1⁰
198 1298 357 1372 incidisset,
382 1299 514 1377 exposuit
540 1299 624 1357 nobis
650 1317 812 1357 sermonem
839 1295 922 1355 Laelii
948 1295 987 1355 de

199 1395 336 1468 amicitiai,
354 1394 483 1454 habitum
505 1396 540 1454 ab
561 1394 611 1453 illo
631 1413 741 1468 seeum,
760 1404 874 1452 etcum
895 1392 987 1452 altero

198 1511 316 1571 genero,
335 1491 370 1551 C.
391 1491 515 1565 Fannio,
533 1490 575 1552 Μ.
594 1491 664 1564 tilio,
683 1490 784 1569 paneis
802 1489 904 1548 diebus
920 1499 988 1567 post

119 1590 121 1593 ’
198 1600 319 1648 mortem
333 1589 475 1648 Africani.

188 1744 193 1753 ,
237 1685 309 1763 Ejus
327 1685 527 1763 disputationis
540 1685 697 1744 sententias
711 1684 856 1743 memorie
870 1683 988 1743 manda·

153 1795 184 1845 15
200 1782 243 1853 vi;
264 1802 334 1859 quus
348 1782 406 1840 hoo
417 1781 492 1840 libro
506 1781 623 1858 exposui
644 1800 709 1840 meo
730 1768 884 1840 irbitrstu:
905 1780 986 1859 quasi

199 1878 277 1937 enim
289 1879 366 1955 ipsos
376 1877 475 1937 induxi
486 1878 646 1954 loquentes,
656 1897 695 1937 ne
704 1878 827 1956 quuatur
836 1888 866 1937 et
874 1877 987 1956 Inquit,

199 1974 303 2051 saepius
313 1975 556 2052 interponeretur;
580 1985 674 2051 atque,
686 1985 727 2049 nt,
738 1985 873 2053 tanquam
888 1994 988 2053 apam-

198 2071 338 2144 sentibus,
357 2091 455 2131 eoram
476 2071 575 2131 haberi
595 2091 690 2130 sermo
709 2072 862 2131 videretur.
910 2072 988 2131 Cum

198 2166 277 2226 enirn
300 2187 377 2245 saepe
399 2187 514 2226 meeum
536 2187 646 2246 ageres,
664 2178 697 2227 ut
714 2168 751 2227 de
770 2168 898 2253 amiaitid
917 2167 989 2227 sori·

152 2284 185 2335 20
200 2264 298 2323 berem
326 2264 442 2341 aliquid,
470 2264 559 2342 digna
585 2264 656 2323 mihi
682 2284 739 2338 res,
764 2283 830 2323 oum
857 2264 988 2324 omnium

200 2359 377 2437 cognitione,
404 2369 464 2418 tum
491 2354 589 2419 nostri
616 2360 820 2434 familiaritate,
847 2360 908 2419 visa
933 2369 986 2420 est.

199 2456 300 2534 Itaque
319 2456 376 2515 soei
393 2476 452 2518 non
470 2457 585 2530 invitus,
600 2467 632 2516 ut
643 2456 811 2534 prodessem
824 2456 921 2516 multis
935 2467 988 2515 tuo

199 2563 310 2631 rogatu.
353 2553 422 2626 Sed,
443 2554 525 2612 utin
546 2560 565 2588 “
580 2552 693 2613 Catone
712 2552 853 2631 Majore,''
875 2553 924 2630 qui
944 2563 989 2612 est

200 2649 323 2727 scriptus
351 2648 386 2707 ad
413 2659 443 2707 te
469 2647 506 2708 de
531 2658 690 2722 senectute,
718 2648 860 2708 Catonem
888 2648 989 2708 induxi

152 2753 185 2805 25
199 2765 298 2805 senem
318 2745 522 2823 disputantem,
538 2746 607 2823 quia
625 2745 706 2805 nulla
724 2745 874 2805 ridebatur
895 2745 989 2823 aptior

198 2862 331 2921 persona,
342 2862 406 2919 qum
420 2841 457 2900 de
471 2841 521 2901 illt
535 2852 618 2901 stata
630 2842 805 2920 loqueretur,
816 2846 902 2919 quani
915 2841 989 2920 ejus,

198 2939 247 3016 qui
267 2950 297 2999 et
317 2938 478 2998 diutissime
491 2958 580 2999 senex
593 2939 703 3011 suisset,
717 2948 747 2997 et
763 2940 793 2998 in
812 2940 875 3018 ipsi
889 2956 991 2998 senoo-

159 3050 162 3057 ’
198 3044 260 3094 tute
268 3054 329 3114 praa
339 3035 453 3096 austeris
462 3033 620 3109 floruisset3
636 3035 691 3109 sio,
700 3054 767 3095 oum
777 3035 991 3115 recepissemus
