2186 3532
283 256 421 318 amarus,
439 256 513 305 srva
535 258 578 306 nn
599 258 756 308 amorum.
927 253 966 312 tu

121 407 214 490 imum
227 424 301 480 esse,
314 426 399 483 quam
413 390 573 467 laxissimas
591 410 718 467 habenas
731 410 837 467 habere
852 409 920 469 ami·

29 528 35 539 ·
133 502 228 576 citioe3
250 524 320 580 quas
334 504 378 562 rel
393 505 529 578 adducas,
543 525 610 564 cum
622 507 701 578 velis,
715 507 758 564 vel
773 507 901 567 remittas
911 527 947 575 :s

704 574 710 581 r
806 588 811 597 v
912 594 914 597 ι
923 588 926 593 ,
1008 566 1021 589 Ι

134 611 222 678 caput
233 602 310 659 enim
324 621 387 660 esse
403 602 438 660 ad
450 603 532 660 beate
543 566 924 679 vivendumiiei⁶diiiaiffl3
936 571 1083 609 mm*

134 698 192 775 qad
206 697 261 756 frui
275 717 335 756 non
348 700 438 775 possit
452 700 574 773 animus,
595 701 619 758 si
632 710 768 777 tanquam
781 693 920 777 parturiat

120 805 211 854 'unus
223 814 276 871 pro
288 794 427 872 pluribus.
931 815 949 864 5

174 890 259 950 Alios
273 903 367 951 autem
379 893 476 951 dicere
492 893 572 951 aiunt
586 893 675 953 multo
688 880 775 953 etiam
790 895 919 954 inhuma-

121 988 200 1048 nius
210 987 308 1066 (quem
321 989 417 1048 locum
429 990 550 1048 breviter
573 991 725 1067 perstrinxi
735 993 822 1068 paulo
837 999 917 1073 ante)

132 1085 260 1162 presidii
282 1086 494 1163 adjumentique
512 1088 611 1161 causat,
633 1108 690 1147 nou
714 1089 918 1148 benevolentiae

119 1177 228 1259 'neque
250 1182 388 1256 caritatis,
409 1184 550 1241 amicitias
570 1203 632 1242 esse
653 1186 845 1261 expetendas:
866 1187 919 1245 ita-

117 1288 200 1365 Jque,
215 1279 378 1356 utquisque
392 1280 542 1338 minimum
557 1281 698 1339 firmitatis
707 1270 820 1355 hribeat,
835 1283 918 1341 mini·
932 1301 963 1351 10

132 1394 269 1452 mumque
282 1375 397 1448 virium,
412 1376 453 1433 ita
466 1377 608 1434 amicitias
623 1388 756 1453 appetere
776 1380 916 1438 maxime:

133 1490 171 1530 ex
197 1491 233 1529 eo
259 1473 330 1545 fieri,
354 1483 386 1530 ut
410 1472 585 1530 mulierculae
609 1474 700 1550 magis
728 1475 917 1532 amicitiarum

131 1568 266 1646 praesidia
292 1578 429 1646 quaerant,
453 1588 538 1645 quam
562 1568 631 1639 viri;
653 1580 682 1627 et
706 1569 816 1645 inopes,
833 1589 917 1644 quam

133 1665 284 1743 opulenti;
315 1676 344 1724 et
365 1665 535 1738 calamitosi,
559 1684 644 1742 quam
666 1665 686 1723 ii
707 1666 756 1743 qui
782 1677 917 1743 putentur

133 1762 220 1821 beati.
395 1759 399 1765 ’
755 1793 758 1801 ⁴
932 1772 963 1823 15

115 1864 120 1871 “
171 1859 200 1917 Ο
212 1860 377 1936 preclaram
392 1859 581 1937 sapientiam!
604 1861 704 1918 Solem
718 1861 796 1918 enim
810 1880 917 1920 emun-

133 1957 171 2015 do
181 1955 281 2016 tollere
294 1956 435 2029 videntur,
456 1957 505 2032 qui
522 1957 676 2015 amicitiam
692 1958 781 2016 evitis
794 1959 915 2031 tolluut;

132 2054 189 2131 qud
205 2052 298 2111 aDiis
318 2052 526 2118 immortalibus
549 2053 620 2111 nihil
642 2053 744 2111 melius
768 2055 916 2128 habemus,

115 2140 204 2208 'nmil
216 2150 379 2227 jucundius.
419 2148 497 2211 Quae
516 2159 559 2207 est
580 2149 657 2208 enim
682 2151 737 2208 ista
756 2152 916 2209 securitas?

132 2248 230 2325 specie
243 2247 369 2324 quidem,
390 2246 506 2319 blanda,
532 2244 583 2303 sed
605 2265 705 2323 reapse
727 2247 823 2304 multis
843 2246 962 2357 locisap

132 2343 319 2420 repudianda.
373 2343 485 2419 Neque·
504 2343 582 2401 enim
609 2353 653 2401 est
679 2354 915 2415 consentaneum,

112 2420 122 2461 Γ
132 2439 219 2499 ullam
246 2440 395 2498 honestam
423 2458 483 2496 rem
508 2412 763 2511 actionemvefltf
777 2439 916 2496 sollicitus

132 2537 182 2610 sis,
198 2548 317 2595 autnon
337 2534 493 2612 suscipere,
517 2546 564 2594 aut
586 2546 748 2612 susceptam
763 2536 914 2611 deponere.
937 2596 940 2601 ,

113 2632 222 2696 'Quod
250 2634 274 2690 si
299 2651 398 2691 curam
425 2631 559 2708 sugimus,
581 2631 670 2689 virtus
694 2630 830 2708 fugienda
856 2640 914 2701 est3

112 2744 116 2749 '
132 2748 206 2805 quae,
229 2748 348 2787 necesse
361 2740 414 2800 est,
436 2748 501 2785 cum
517 2727 705 2805 aliquinum,
720 2746 766 2784 res
780 2726 835 2784 sibi
849 2746 916 2784 con·
930 2739 961 2790 25

131 2825 234 2885 trariac
249 2825 434 2902 adspernatur
455 2834 544 2900 atque
552 2824 663 2895 oderit;
685 2836 717 2881 ut
731 2824 844 2881 bonitas
858 2844 916 2881 ma·

109 2918 116 2933 ‘
130 2922 234 2994 litiam,
247 2922 435 2998 temperantia
444 2919 603 2992 libidinem,
615 2920 756 2997 ignaviam
769 2919 914 2978 fortitudo.

110 3006 116 3038 ³
130 3016 232 3099 Itaque
245 3017 342 3077 videas
352 3018 438 3076 rebus
448 3016 561 3095 injustis
572 3016 664 3094 justos
674 3016 797 3075 maxime
806 3016 915 3091 dolere,
