<?xml version="1.0" encoding="UTF-8"?>
<!DOCTYPE html PUBLIC "-//W3C//DTD XHTML 1.0 Transitional//EN"
    "http://www.w3.org/TR/xhtml1/DTD/xhtml1-transitional.dtd">
<html xmlns="http://www.w3.org/1999/xhtml" xml:lang="en" lang="en">
 <head>
  <title>
</title>
<meta http-equiv="Content-Type" content="text/html;charset=utf-8" />
  <meta name='ocr-system' content='tesseract 3.04.00' />
  <meta name='ocr-capabilities' content='ocr_page ocr_carea ocr_par ocr_line ocrx_word'/>
</head>
<body>
  <div class='ocr_page' id='page_1' title='image "./desenectuteetde00cicegoog_0060.png"; bbox 0 0 2186 3532; ppageno 0'>
   <div class='ocr_carea' id='block_1_1' title="bbox 383 276 960 341">
    <p class='ocr_par' dir='ltr' id='par_1_1' title="bbox 383 276 960 341">
     <span class='ocr_line' id='line_1_1' title="bbox 383 276 960 341; baseline 0.003 -4"><span class='ocrx_word' id='word_1_1' title='bbox 383 282 690 341; x_wconf 70' lang='lat' dir='ltr'>mstttwwm&#39;</span> <span class='ocrx_word' id='word_1_2' title='bbox 905 276 960 338; x_wconf 74' lang='grc'>-68</span> 
     </span>
    </p>
   </div>
   <div class='ocr_carea' id='block_1_2' title="bbox 127 431 943 901">
    <p class='ocr_par' dir='ltr' id='par_1_2' title="bbox 127 431 943 901">
     <span class='ocr_line' id='line_1_2' title="bbox 128 431 913 514; baseline 0.004 -21"><span class='ocrx_word' id='word_1_3' title='bbox 128 431 245 510; x_wconf 81' lang='lat' dir='ltr'>quidem</span> <span class='ocrx_word' id='word_1_4' title='bbox 260 451 305 493; x_wconf 91' lang='lat' dir='ltr'>me</span> <span class='ocrx_word' id='word_1_5' title='bbox 317 434 549 512; x_wconf 78' lang='lat' dir='ltr'>profluiseentem</span> <span class='ocrx_word' id='word_1_6' title='bbox 563 434 640 496; x_wconf 82' lang='lat' dir='ltr'>hsud</span> <span class='ocrx_word' id='word_1_7' title='bbox 660 455 729 495; x_wconf 81' lang='lat' dir='ltr'>sene</span> <span class='ocrx_word' id='word_1_8' title='bbox 749 436 813 514; x_wconf 89' lang='lat' dir='ltr'>quis</span> <span class='ocrx_word' id='word_1_9' title='bbox 826 436 913 496; x_wconf 79' lang='lat' dir='ltr'>fusile</span> 
     </span>
     <span class='ocr_line' id='line_1_3' title="bbox 128 531 911 609; baseline 0.005 -21"><span class='ocrx_word' id='word_1_10' title='bbox 128 531 290 603; x_wconf 78' lang='lat' dir='ltr'>retraxerit,</span> <span class='ocrx_word' id='word_1_11' title='bbox 318 550 421 607; x_wconf 84' lang='lat' dir='ltr'>neque,</span> <span class='ocrx_word' id='word_1_12' title='bbox 448 543 584 609; x_wconf 69' lang='lat' dir='ltr'>tunquam</span> <span class='ocrx_word' id='word_1_13' title='bbox 612 533 733 608; x_wconf 86' lang='lat' dir='ltr'>Pelium,</span> <span class='ocrx_word' id='word_1_14' title='bbox 758 533 911 593; x_wconf 87' lang='lat' dir='ltr'>reeoxerit.</span> 
     </span>
     <span class='ocr_line' id='line_1_4' title="bbox 127 625 913 708; baseline -0.001 -18"><span class='ocrx_word' id='word_1_15' title='bbox 127 625 267 690; x_wconf 73' lang='lat' dir='ltr'>Quodsi</span> <span class='ocrx_word' id='word_1_16' title='bbox 291 628 354 705; x_wconf 88' lang='lat' dir='ltr'>quis</span> <span class='ocrx_word' id='word_1_17' title='bbox 377 628 457 688; x_wconf 89' lang='lat' dir='ltr'>Deus</span> <span class='ocrx_word' id='word_1_18' title='bbox 484 630 556 688; x_wconf 89' lang='lat' dir='ltr'>mihi</span> <span class='ocrx_word' id='word_1_19' title='bbox 576 630 724 708; x_wconf 76' lang='lat' dir='ltr'>largietur,</span> <span class='ocrx_word' id='word_1_20' title='bbox 739 640 770 690; x_wconf 92' lang='lat' dir='ltr'>ut</span> <span class='ocrx_word' id='word_1_21' title='bbox 796 646 832 688; x_wconf 86' lang='lat' dir='ltr'>ex</span> <span class='ocrx_word' id='word_1_22' title='bbox 858 631 913 689; x_wconf 80' lang='lat' dir='ltr'>hue</span> 
     </span>
     <span class='ocr_line' id='line_1_5' title="bbox 128 726 913 805; baseline 0.004 -22"><span class='ocrx_word' id='word_1_23' title='bbox 128 733 214 783; x_wconf 69' lang='lat' dir='ltr'>etate</span> <span class='ocrx_word' id='word_1_24' title='bbox 227 743 435 801; x_wconf 68' lang='lat' dir='ltr'>repuerascam,</span> <span class='ocrx_word' id='word_1_25' title='bbox 449 736 479 784; x_wconf 89' lang='lat' dir='ltr'>et</span> <span class='ocrx_word' id='word_1_26' title='bbox 488 726 518 785; x_wconf 92' lang='lat' dir='ltr'>iu</span> <span class='ocrx_word' id='word_1_27' title='bbox 532 726 616 786; x_wconf 79' lang='lat' dir='ltr'>cunis</span> <span class='ocrx_word' id='word_1_28' title='bbox 629 727 752 805; x_wconf 82' lang='lat' dir='ltr'>regiam,</span> <span class='ocrx_word' id='word_1_29' title='bbox 765 727 848 785; x_wconf 80' lang='lat' dir='ltr'>vaide</span> <span class='ocrx_word' id='word_1_30' title='bbox 870 745 913 786; x_wconf 85' lang='lat' dir='ltr'>re·</span> 
     </span>
     <span class='ocr_line' id='line_1_6' title="bbox 130 822 943 901; baseline 0.005 -23"><span class='ocrx_word' id='word_1_31' title='bbox 130 837 246 879; x_wconf 77' lang='lat' dir='ltr'>susem:</span> <span class='ocrx_word' id='word_1_32' title='bbox 267 840 322 879; x_wconf 82' lang='lat' dir='ltr'>neo</span> <span class='ocrx_word' id='word_1_33' title='bbox 336 841 403 880; x_wconf 84' lang='lat' dir='ltr'>reru</span> <span class='ocrx_word' id='word_1_34' title='bbox 416 822 511 895; x_wconf 83' lang='lat' dir='ltr'>velim,</span> <span class='ocrx_word' id='word_1_35' title='bbox 525 823 607 900; x_wconf 83' lang='lat' dir='ltr'>quusi</span> <span class='ocrx_word' id='word_1_36' title='bbox 620 823 744 883; x_wconf 72' lang='lat' dir='ltr'>decurso</span> <span class='ocrx_word' id='word_1_37' title='bbox 757 823 859 901; x_wconf 82' lang='lat' dir='ltr'>spatie,</span> <span class='ocrx_word' id='word_1_38' title='bbox 876 822 911 882; x_wconf 82' lang='lat' dir='ltr'>ed</span> <span class='ocrx_word' id='word_1_39' title='bbox 926 831 943 882; x_wconf 85' lang='lat'><strong>5</strong></span> 
     </span>
    </p>
   </div>
   <div class='ocr_carea' id='block_1_3' title="bbox 119 918 1002 2926">
    <p class='ocr_par' dir='ltr' id='par_1_3' title="bbox 130 918 536 980">
     <span class='ocr_line' id='line_1_7' title="bbox 130 918 536 980; baseline 0.012 -6"><span class='ocrx_word' id='word_1_40' title='bbox 130 933 262 975; x_wconf 67' lang='lat' dir='ltr'>strueres</span> <span class='ocrx_word' id='word_1_41' title='bbox 276 937 292 976; x_wconf 81' lang='lat' dir='ltr'><strong>a</strong></span> <span class='ocrx_word' id='word_1_42' title='bbox 305 918 386 977; x_wconf 81' lang='lat' dir='ltr'>cules</span> <span class='ocrx_word' id='word_1_43' title='bbox 399 919 536 980; x_wconf 78' lang='lat' dir='ltr'>reuereri.</span> 
     </span>
    </p>

    <p class='ocr_par' dir='ltr' id='par_1_4' title="bbox 119 1012 1002 2926">
     <span class='ocr_line' id='line_1_8' title="bbox 119 1012 913 1095; baseline 0.005 -24"><span class='ocrx_word' id='word_1_44' title='bbox 119 1064 125 1071; x_wconf 92' lang='lat'>.</span> <span class='ocrx_word' id='word_1_45' title='bbox 167 1012 250 1075; x_wconf 72' lang='lat' dir='ltr'>Quid</span> <span class='ocrx_word' id='word_1_46' title='bbox 264 1014 340 1072; x_wconf 89' lang='lat' dir='ltr'>enim</span> <span class='ocrx_word' id='word_1_47' title='bbox 354 1015 440 1074; x_wconf 79' lang='lat' dir='ltr'>habet</span> <span class='ocrx_word' id='word_1_48' title='bbox 453 1016 512 1076; x_wconf 82' lang='lat' dir='ltr'>vitu</span> <span class='ocrx_word' id='word_1_49' title='bbox 525 1016 686 1076; x_wconf 80' lang='lat' dir='ltr'>commedit</span> <span class='ocrx_word' id='word_1_50' title='bbox 708 1016 776 1094; x_wconf 89' lang='lat' dir='ltr'>quid</span> <span class='ocrx_word' id='word_1_51' title='bbox 790 1035 850 1075; x_wconf 86' lang='lat' dir='ltr'>nou</span> <span class='ocrx_word' id='word_1_52' title='bbox 862 1034 913 1095; x_wconf 88' lang='lat' dir='ltr'>po·</span> 
     </span>
     <span class='ocr_line' id='line_1_9' title="bbox 129 1108 913 1172; baseline 0.008 -5"><span class='ocrx_word' id='word_1_53' title='bbox 129 1108 189 1168; x_wconf 84' lang='lat' dir='ltr'>tius</span> <span class='ocrx_word' id='word_1_54' title='bbox 213 1109 337 1170; x_wconf 68' lang='lat' dir='ltr'>laboris?</span> <span class='ocrx_word' id='word_1_55' title='bbox 384 1112 444 1171; x_wconf 85' lang='lat' dir='ltr'>Sed</span> <span class='ocrx_word' id='word_1_56' title='bbox 470 1113 575 1172; x_wconf 77' lang='lat' dir='ltr'>hebeat</span> <span class='ocrx_word' id='word_1_57' title='bbox 601 1133 686 1172; x_wconf 84' lang='lat' dir='ltr'>sane:</span> <span class='ocrx_word' id='word_1_58' title='bbox 720 1114 808 1172; x_wconf 82' lang='lat' dir='ltr'>hebet</span> <span class='ocrx_word' id='word_1_59' title='bbox 833 1123 913 1172; x_wconf 75' lang='lat' dir='ltr'>certe</span> 
     </span>
     <span class='ocr_line' id='line_1_10' title="bbox 129 1208 912 1282; baseline 0.005 -17"><span class='ocrx_word' id='word_1_60' title='bbox 129 1215 225 1266; x_wconf 77' lang='lat' dir='ltr'>rumen</span> <span class='ocrx_word' id='word_1_61' title='bbox 248 1218 296 1267; x_wconf 83' lang='lat' dir='ltr'>aut</span> <span class='ocrx_word' id='word_1_62' title='bbox 319 1208 491 1282; x_wconf 72' lang='lat' dir='ltr'>satietatem,</span> <span class='ocrx_word' id='word_1_63' title='bbox 511 1220 563 1270; x_wconf 75' lang='lat' dir='ltr'>sut</span> <span class='ocrx_word' id='word_1_64' title='bbox 581 1211 706 1270; x_wconf 87' lang='lat' dir='ltr'>mudum.</span> <span class='ocrx_word' id='word_1_65' title='bbox 747 1210 818 1270; x_wconf 86' lang='lat' dir='ltr'>Non</span> <span class='ocrx_word' id='word_1_66' title='bbox 832 1211 912 1271; x_wconf 85' lang='lat' dir='ltr'>lubet</span> 
     </span>
     <span class='ocr_line' id='line_1_11' title="bbox 128 1302 958 1384; baseline 0.012 -24"><span class='ocrx_word' id='word_1_67' title='bbox 128 1302 205 1363; x_wconf 87' lang='lat' dir='ltr'>euim</span> <span class='ocrx_word' id='word_1_68' title='bbox 227 1303 298 1362; x_wconf 88' lang='lat' dir='ltr'>mihi</span> <span class='ocrx_word' id='word_1_69' title='bbox 325 1304 472 1382; x_wconf 80' lang='lat' dir='ltr'>deplorare</span> <span class='ocrx_word' id='word_1_70' title='bbox 495 1307 595 1380; x_wconf 81' lang='lat' dir='ltr'>vitem,</span> <span class='ocrx_word' id='word_1_71' title='bbox 617 1308 693 1384; x_wconf 86' lang='lat' dir='ltr'>quud</span> <span class='ocrx_word' id='word_1_72' title='bbox 717 1307 810 1381; x_wconf 90' lang='lat' dir='ltr'>multi,</span> <span class='ocrx_word' id='word_1_73' title='bbox 834 1317 864 1366; x_wconf 87' lang='lat' dir='ltr'>et</span> <span class='ocrx_word' id='word_1_74' title='bbox 889 1306 911 1366; x_wconf 92' lang='lat' dir='ltr'>ii</span> <span class='ocrx_word' id='word_1_75' title='bbox 926 1318 958 1370; x_wconf 83' lang='lat'>1⁰</span> 
     </span>
     <span class='ocr_line' id='line_1_12' title="bbox 128 1399 911 1480; baseline 0.006 -23"><span class='ocrx_word' id='word_1_76' title='bbox 128 1399 217 1473; x_wconf 79' lang='lat' dir='ltr'>docti,</span> <span class='ocrx_word' id='word_1_77' title='bbox 231 1420 307 1477; x_wconf 81' lang='lat' dir='ltr'>saepe</span> <span class='ocrx_word' id='word_1_78' title='bbox 322 1401 461 1460; x_wconf 79' lang='lat' dir='ltr'>feserunt.</span> <span class='ocrx_word' id='word_1_79' title='bbox 501 1401 606 1479; x_wconf 83' lang='lat' dir='ltr'>Neque</span> <span class='ocrx_word' id='word_1_80' title='bbox 627 1423 674 1461; x_wconf 90' lang='lat' dir='ltr'>me</span> <span class='ocrx_word' id='word_1_81' title='bbox 695 1403 799 1462; x_wconf 84' lang='lat' dir='ltr'>vixisse</span> <span class='ocrx_word' id='word_1_82' title='bbox 819 1404 911 1480; x_wconf 82' lang='lat' dir='ltr'>poeui-</span> 
     </span>
     <span class='ocr_line' id='line_1_13' title="bbox 126 1497 913 1572; baseline 0.004 -18"><span class='ocrx_word' id='word_1_83' title='bbox 126 1506 185 1567; x_wconf 89' lang='lat' dir='ltr'>tet;</span> <span class='ocrx_word' id='word_1_84' title='bbox 207 1497 343 1572; x_wconf 83' lang='lat' dir='ltr'>quonism</span> <span class='ocrx_word' id='word_1_85' title='bbox 356 1497 397 1554; x_wconf 85' lang='lat' dir='ltr'>ita</span> <span class='ocrx_word' id='word_1_86' title='bbox 410 1497 478 1568; x_wconf 83' lang='lat' dir='ltr'>riri,</span> <span class='ocrx_word' id='word_1_87' title='bbox 493 1507 524 1556; x_wconf 90' lang='lat' dir='ltr'>ut</span> <span class='ocrx_word' id='word_1_88' title='bbox 543 1515 603 1556; x_wconf 88' lang='lat' dir='ltr'>uon</span> <span class='ocrx_word' id='word_1_89' title='bbox 624 1499 728 1557; x_wconf 81' lang='lat' dir='ltr'>frustra</span> <span class='ocrx_word' id='word_1_90' title='bbox 747 1517 793 1556; x_wconf 86' lang='lat' dir='ltr'>me</span> <span class='ocrx_word' id='word_1_91' title='bbox 813 1509 913 1558; x_wconf 82' lang='lat' dir='ltr'>ustum</span> 
     </span>
     <span class='ocr_line' id='line_1_14' title="bbox 126 1591 914 1671; baseline 0.003 -21"><span class='ocrx_word' id='word_1_92' title='bbox 126 1591 307 1650; x_wconf 75' lang='lat' dir='ltr'>existimem:</span> <span class='ocrx_word' id='word_1_93' title='bbox 328 1601 357 1649; x_wconf 86' lang='lat' dir='ltr'>et</span> <span class='ocrx_word' id='word_1_94' title='bbox 376 1610 413 1649; x_wconf 78' lang='lat' dir='ltr'>es</span> <span class='ocrx_word' id='word_1_95' title='bbox 431 1592 490 1651; x_wconf 75' lang='lat' dir='ltr'>virt</span> <span class='ocrx_word' id='word_1_96' title='bbox 510 1592 552 1650; x_wconf 83' lang='lat' dir='ltr'>its</span> <span class='ocrx_word' id='word_1_97' title='bbox 572 1593 700 1666; x_wconf 82' lang='lat' dir='ltr'>diseede,</span> <span class='ocrx_word' id='word_1_98' title='bbox 723 1605 856 1671; x_wconf 76' lang='lat' dir='ltr'>tanquam</span> <span class='ocrx_word' id='word_1_99' title='bbox 878 1612 914 1652; x_wconf 86' lang='lat' dir='ltr'>ex</span> 
     </span>
     <span class='ocr_line' id='line_1_15' title="bbox 129 1687 914 1765; baseline 0.005 -20"><span class='ocrx_word' id='word_1_100' title='bbox 129 1687 265 1764; x_wconf 86' lang='lat' dir='ltr'>hospitio,</span> <span class='ocrx_word' id='word_1_101' title='bbox 280 1706 340 1745; x_wconf 90' lang='lat' dir='ltr'>nou</span> <span class='ocrx_word' id='word_1_102' title='bbox 360 1698 494 1765; x_wconf 75' lang='lat' dir='ltr'>tauquam</span> <span class='ocrx_word' id='word_1_103' title='bbox 514 1708 551 1747; x_wconf 82' lang='lat' dir='ltr'>ex</span> <span class='ocrx_word' id='word_1_104' title='bbox 570 1690 666 1749; x_wconf 86' lang='lat' dir='ltr'>domo.</span> <span class='ocrx_word' id='word_1_105' title='bbox 707 1689 914 1749; x_wconf 81' lang='lat' dir='ltr'>Commorsndi</span> 
     </span>
     <span class='ocr_line' id='line_1_16' title="bbox 129 1784 959 1860; baseline 0.004 -18"><span class='ocrx_word' id='word_1_106' title='bbox 129 1784 208 1842; x_wconf 89' lang='lat' dir='ltr'>euim</span> <span class='ocrx_word' id='word_1_107' title='bbox 231 1796 334 1843; x_wconf 79' lang='lat' dir='ltr'>ustura</span> <span class='ocrx_word' id='word_1_108' title='bbox 354 1785 540 1845; x_wconf 71' lang='lat' dir='ltr'>diversorium</span> <span class='ocrx_word' id='word_1_109' title='bbox 564 1785 659 1860; x_wconf 88' lang='lat' dir='ltr'>nubis,</span> <span class='ocrx_word' id='word_1_110' title='bbox 682 1805 741 1845; x_wconf 87' lang='lat' dir='ltr'>uon</span> <span class='ocrx_word' id='word_1_111' title='bbox 765 1785 913 1846; x_wconf 77' lang='lat' dir='ltr'>habitandi</span> <span class='ocrx_word' id='word_1_112' title='bbox 928 1804 959 1855; x_wconf 84' lang='lat'>15</span> 
     </span>
     <span class='ocr_line' id='line_1_17' title="bbox 127 1879 1002 1959; baseline 0.006 -20"><span class='ocrx_word' id='word_1_113' title='bbox 127 1879 236 1953; x_wconf 80' lang='lat' dir='ltr'>lecum,</span> <span class='ocrx_word' id='word_1_114' title='bbox 251 1880 338 1940; x_wconf 88' lang='lat' dir='ltr'>dedrt.</span> <span class='ocrx_word' id='word_1_115' title='bbox 379 1880 587 1959; x_wconf 82' lang='lat' dir='ltr'>Oprreelsrum</span> <span class='ocrx_word' id='word_1_116' title='bbox 601 1883 688 1955; x_wconf 89' lang='lat' dir='ltr'>diem,</span> <span class='ocrx_word' id='word_1_117' title='bbox 703 1902 769 1942; x_wconf 84' lang='lat' dir='ltr'>eum</span> <span class='ocrx_word' id='word_1_118' title='bbox 785 1881 821 1942; x_wconf 86' lang='lat' dir='ltr'>ed</span> <span class='ocrx_word' id='word_1_119' title='bbox 840 1882 912 1943; x_wconf 90' lang='lat' dir='ltr'>illud</span> <span class='ocrx_word' id='word_1_120' title='bbox 1001 1948 1002 1952; x_wconf 54' lang='grc'>,</span> 
     </span>
     <span class='ocr_line' id='line_1_18' title="bbox 128 1976 913 2058; baseline 0.01 -24"><span class='ocrx_word' id='word_1_121' title='bbox 128 1976 257 2035; x_wconf 85' lang='lat' dir='ltr'>divinum</span> <span class='ocrx_word' id='word_1_122' title='bbox 282 1977 441 2037; x_wconf 75' lang='lat' dir='ltr'>animorum</span> <span class='ocrx_word' id='word_1_123' title='bbox 465 1979 623 2039; x_wconf 77' lang='lat' dir='ltr'>eonsilium</span> <span class='ocrx_word' id='word_1_124' title='bbox 647 1990 809 2057; x_wconf 82' lang='lat' dir='ltr'>erutumque</span> <span class='ocrx_word' id='word_1_125' title='bbox 828 1980 913 2058; x_wconf 82' lang='lat' dir='ltr'>prod·</span> 
     </span>
     <span class='ocr_line' id='line_1_19' title="bbox 127 2072 912 2150; baseline 0.008 -19"><span class='ocrx_word' id='word_1_126' title='bbox 127 2072 233 2146; x_wconf 82' lang='lat' dir='ltr'>eisuur,</span> <span class='ocrx_word' id='word_1_127' title='bbox 248 2092 371 2150; x_wconf 85' lang='lat' dir='ltr'>eumque</span> <span class='ocrx_word' id='word_1_128' title='bbox 384 2093 420 2133; x_wconf 85' lang='lat' dir='ltr'>ex</span> <span class='ocrx_word' id='word_1_129' title='bbox 434 2075 490 2135; x_wconf 84' lang='lat' dir='ltr'>hee</span> <span class='ocrx_word' id='word_1_130' title='bbox 502 2075 587 2134; x_wconf 75' lang='lat' dir='ltr'>turbi</span> <span class='ocrx_word' id='word_1_131' title='bbox 600 2086 630 2134; x_wconf 87' lang='lat' dir='ltr'>et</span> <span class='ocrx_word' id='word_1_132' title='bbox 643 2076 806 2139; x_wconf 78' lang='lat' dir='ltr'>colluvione</span> <span class='ocrx_word' id='word_1_133' title='bbox 819 2078 912 2140; x_wconf 83' lang='lat' dir='ltr'>disee-</span> 
     </span>
     <span class='ocr_line' id='line_1_20' title="bbox 128 2169 912 2246; baseline 0.005 -18"><span class='ocrx_word' id='word_1_134' title='bbox 128 2169 213 2229; x_wconf 83' lang='lat' dir='ltr'>dsmi</span> <span class='ocrx_word' id='word_1_135' title='bbox 254 2169 426 2229; x_wconf 82' lang='lat' dir='ltr'>Prufieisesr</span> <span class='ocrx_word' id='word_1_136' title='bbox 439 2172 527 2244; x_wconf 88' lang='lat' dir='ltr'>euim,</span> <span class='ocrx_word' id='word_1_137' title='bbox 541 2191 600 2231; x_wconf 86' lang='lat' dir='ltr'>nou</span> <span class='ocrx_word' id='word_1_138' title='bbox 615 2172 650 2231; x_wconf 83' lang='lat' dir='ltr'>ad</span> <span class='ocrx_word' id='word_1_139' title='bbox 664 2192 715 2232; x_wconf 88' lang='lat' dir='ltr'>eos</span> <span class='ocrx_word' id='word_1_140' title='bbox 724 2174 817 2233; x_wconf 88' lang='lat' dir='ltr'>solum</span> <span class='ocrx_word' id='word_1_141' title='bbox 826 2174 912 2246; x_wconf 71' lang='lat' dir='ltr'>virm,</span> 
     </span>
     <span class='ocr_line' id='line_1_21' title="bbox 129 2266 959 2344; baseline 0.002 -20"><span class='ocrx_word' id='word_1_142' title='bbox 129 2266 166 2325; x_wconf 91' lang='lat' dir='ltr'>de</span> <span class='ocrx_word' id='word_1_143' title='bbox 178 2266 282 2344; x_wconf 87' lang='lat' dir='ltr'>quibus</span> <span class='ocrx_word' id='word_1_144' title='bbox 296 2277 362 2326; x_wconf 83' lang='lat' dir='ltr'>aute</span> <span class='ocrx_word' id='word_1_145' title='bbox 375 2267 445 2340; x_wconf 84' lang='lat' dir='ltr'>dixi,</span> <span class='ocrx_word' id='word_1_146' title='bbox 459 2268 511 2326; x_wconf 88' lang='lat' dir='ltr'>sed</span> <span class='ocrx_word' id='word_1_147' title='bbox 523 2268 612 2328; x_wconf 83' lang='lat' dir='ltr'>etium</span> <span class='ocrx_word' id='word_1_148' title='bbox 633 2271 668 2328; x_wconf 81' lang='lat' dir='ltr'>ad</span> <span class='ocrx_word' id='word_1_149' title='bbox 688 2271 831 2329; x_wconf 84' lang='lat' dir='ltr'>Catonem</span> <span class='ocrx_word' id='word_1_150' title='bbox 852 2287 912 2327; x_wconf 87' lang='lat' dir='ltr'>me-</span> <span class='ocrx_word' id='word_1_151' title='bbox 926 2272 959 2326; x_wconf 68' lang='lat' dir='ltr'>m</span> 
     </span>
     <span class='ocr_line' id='line_1_22' title="bbox 129 2363 913 2441; baseline 0.001 -18"><span class='ocrx_word' id='word_1_152' title='bbox 129 2383 188 2438; x_wconf 88' lang='lat' dir='ltr'>um,</span> <span class='ocrx_word' id='word_1_153' title='bbox 201 2381 259 2441; x_wconf 89' lang='lat' dir='ltr'>quo</span> <span class='ocrx_word' id='word_1_154' title='bbox 273 2383 360 2422; x_wconf 86' lang='lat' dir='ltr'>uerno</span> <span class='ocrx_word' id='word_1_155' title='bbox 375 2363 417 2422; x_wconf 83' lang='lat' dir='ltr'>vir</span> <span class='ocrx_word' id='word_1_156' title='bbox 430 2363 532 2423; x_wconf 86' lang='lat' dir='ltr'>melior</span> <span class='ocrx_word' id='word_1_157' title='bbox 545 2375 630 2424; x_wconf 84' lang='lat' dir='ltr'>uatus</span> <span class='ocrx_word' id='word_1_158' title='bbox 644 2377 697 2440; x_wconf 89' lang='lat' dir='ltr'>est,</span> <span class='ocrx_word' id='word_1_159' title='bbox 712 2384 798 2425; x_wconf 85' lang='lat' dir='ltr'>neme</span> <span class='ocrx_word' id='word_1_160' title='bbox 806 2365 913 2441; x_wconf 80' lang='lat' dir='ltr'>pietate</span> 
     </span>
     <span class='ocr_line' id='line_1_23' title="bbox 127 2461 912 2540; baseline 0 -20"><span class='ocrx_word' id='word_1_161' title='bbox 127 2461 326 2540; x_wconf 69' lang='lat' dir='ltr'>prestantior:</span> <span class='ocrx_word' id='word_1_162' title='bbox 347 2461 462 2539; x_wconf 84' lang='lat' dir='ltr'>eujuse</span> <span class='ocrx_word' id='word_1_163' title='bbox 481 2481 527 2520; x_wconf 87' lang='lat' dir='ltr'>me</span> <span class='ocrx_word' id='word_1_164' title='bbox 548 2482 654 2540; x_wconf 83' lang='lat' dir='ltr'>eorpus</span> <span class='ocrx_word' id='word_1_165' title='bbox 674 2472 832 2522; x_wconf 75' lang='lat' dir='ltr'>crematum</span> <span class='ocrx_word' id='word_1_166' title='bbox 852 2471 912 2533; x_wconf 81' lang='lat' dir='ltr'>est3</span> 
     </span>
     <span class='ocr_line' id='line_1_24' title="bbox 129 2557 913 2635; baseline -0.003 -18"><span class='ocrx_word' id='word_1_167' title='bbox 129 2558 206 2635; x_wconf 88' lang='lat' dir='ltr'>quud</span> <span class='ocrx_word' id='word_1_168' title='bbox 219 2568 321 2617; x_wconf 78' lang='lat' dir='ltr'>eontra</span> <span class='ocrx_word' id='word_1_169' title='bbox 334 2557 432 2617; x_wconf 87' lang='lat' dir='ltr'>deeuit</span> <span class='ocrx_word' id='word_1_170' title='bbox 447 2558 483 2616; x_wconf 85' lang='lat' dir='ltr'>ab</span> <span class='ocrx_word' id='word_1_171' title='bbox 497 2558 547 2616; x_wconf 88' lang='lat' dir='ltr'>illo</span> <span class='ocrx_word' id='word_1_172' title='bbox 556 2578 660 2618; x_wconf 88' lang='lat' dir='ltr'>meum.</span> <span class='ocrx_word' id='word_1_173' title='bbox 702 2559 826 2618; x_wconf 83' lang='lat' dir='ltr'>Animus</span> <span class='ocrx_word' id='word_1_174' title='bbox 834 2576 913 2632; x_wconf 84' lang='lat' dir='ltr'>vero,</span> 
     </span>
     <span class='ocr_line' id='line_1_25' title="bbox 129 2653 915 2731; baseline 0.001 -18"><span class='ocrx_word' id='word_1_175' title='bbox 129 2671 190 2713; x_wconf 87' lang='lat' dir='ltr'>non</span> <span class='ocrx_word' id='word_1_176' title='bbox 205 2672 251 2711; x_wconf 89' lang='lat' dir='ltr'>me</span> <span class='ocrx_word' id='word_1_177' title='bbox 265 2654 411 2728; x_wconf 84' lang='lat' dir='ltr'>deserens,</span> <span class='ocrx_word' id='word_1_178' title='bbox 425 2653 477 2712; x_wconf 88' lang='lat' dir='ltr'>sed</span> <span class='ocrx_word' id='word_1_179' title='bbox 491 2665 667 2731; x_wconf 77' lang='lat' dir='ltr'>respectans,</span> <span class='ocrx_word' id='word_1_180' title='bbox 682 2655 712 2714; x_wconf 90' lang='lat' dir='ltr'>in</span> <span class='ocrx_word' id='word_1_181' title='bbox 732 2674 767 2713; x_wconf 81' lang='lat' dir='ltr'>ea</span> <span class='ocrx_word' id='word_1_182' title='bbox 785 2654 915 2731; x_wconf 79' lang='lat' dir='ltr'>profecto</span> 
     </span>
     <span class='ocr_line' id='line_1_26' title="bbox 129 2749 961 2829; baseline -0.002 -19"><span class='ocrx_word' id='word_1_183' title='bbox 129 2750 198 2810; x_wconf 84' lang='lat' dir='ltr'>ioue</span> <span class='ocrx_word' id='word_1_184' title='bbox 211 2749 423 2829; x_wconf 61' lang='lat' dir='ltr'>discessitque</span> <span class='ocrx_word' id='word_1_185' title='bbox 436 2750 508 2809; x_wconf 90' lang='lat' dir='ltr'>mihi</span> <span class='ocrx_word' id='word_1_186' title='bbox 517 2751 572 2829; x_wconf 86' lang='lat' dir='ltr'>ipsi</span> <span class='ocrx_word' id='word_1_187' title='bbox 581 2754 717 2811; x_wconf 79' lang='lat' dir='ltr'>cernebat</span> <span class='ocrx_word' id='word_1_188' title='bbox 727 2770 790 2810; x_wconf 88' lang='lat' dir='ltr'>esse</span> <span class='ocrx_word' id='word_1_189' title='bbox 800 2750 916 2809; x_wconf 89' lang='lat' dir='ltr'>venien·</span> <span class='ocrx_word' id='word_1_190' title='bbox 928 2756 961 2807; x_wconf 75' lang='lat'>25</span> 
     </span>
     <span class='ocr_line' id='line_1_27' title="bbox 129 2845 916 2926; baseline 0 -22"><span class='ocrx_word' id='word_1_191' title='bbox 129 2846 210 2924; x_wconf 84' lang='lat' dir='ltr'>dum.</span> <span class='ocrx_word' id='word_1_192' title='bbox 249 2845 349 2908; x_wconf 80' lang='lat' dir='ltr'>Quem</span> <span class='ocrx_word' id='word_1_193' title='bbox 370 2866 427 2926; x_wconf 83' lang='lat' dir='ltr'>ego</span> <span class='ocrx_word' id='word_1_194' title='bbox 454 2866 550 2907; x_wconf 87' lang='lat' dir='ltr'>meum</span> <span class='ocrx_word' id='word_1_195' title='bbox 577 2867 676 2906; x_wconf 79' lang='lat' dir='ltr'>essum</span> <span class='ocrx_word' id='word_1_196' title='bbox 703 2847 813 2906; x_wconf 86' lang='lat' dir='ltr'>sortiter</span> <span class='ocrx_word' id='word_1_197' title='bbox 840 2846 916 2906; x_wconf 85' lang='lat' dir='ltr'>ferre</span> 
     </span>
    </p>
   </div>
   <div class='ocr_carea' id='block_1_4' title="bbox 129 2938 915 3076">
    <p class='ocr_par' dir='ltr' id='par_1_5' title="bbox 129 2938 915 3076">
     <span class='ocr_line' id='line_1_28' title="bbox 129 2938 915 3021; baseline 0.001 -20"><span class='ocrx_word' id='word_1_198' title='bbox 129 2942 208 3002; x_wconf 87' lang='lat' dir='ltr'>risus</span> <span class='ocrx_word' id='word_1_199' title='bbox 221 2960 304 3013; x_wconf 89' lang='lat' dir='ltr'>sum;</span> <span class='ocrx_word' id='word_1_200' title='bbox 326 2960 384 3000; x_wconf 88' lang='lat' dir='ltr'>uon</span> <span class='ocrx_word' id='word_1_201' title='bbox 404 2938 482 3021; x_wconf 85' lang='lat' dir='ltr'>quod</span> <span class='ocrx_word' id='word_1_202' title='bbox 502 2961 584 3021; x_wconf 78' lang='lat' dir='ltr'>seque</span> <span class='ocrx_word' id='word_1_203' title='bbox 605 2943 701 3002; x_wconf 83' lang='lat' dir='ltr'>auimo</span> <span class='ocrx_word' id='word_1_204' title='bbox 721 2942 843 3002; x_wconf 86' lang='lat' dir='ltr'>ferrem:</span> <span class='ocrx_word' id='word_1_205' title='bbox 863 2940 915 3002; x_wconf 88' lang='lat' dir='ltr'>sed</span> 
     </span>
     <span class='ocr_line' id='line_1_29' title="bbox 329 3037 378 3076; baseline 0.082 -4"><span class='ocrx_word' id='word_1_206' title='bbox 329 3039 345 3072; x_wconf 75' lang='lat' dir='ltr'>e</span> <span class='ocrx_word' id='word_1_207' title='bbox 362 3037 378 3076; x_wconf 81' lang='lat' dir='ltr'>r</span> 
     </span>
    </p>
   </div>
   <div class='ocr_carea' id='block_1_5' title="bbox 0 0 1098 3532">
    <p class='ocr_par' dir='ltr' id='par_1_6' title="bbox 0 0 1098 3532">
     <span class='ocr_line' id='line_1_30' title="bbox 0 0 1098 3532; baseline 0 0"><span class='ocrx_word' id='word_1_208' title='bbox 0 0 1098 3532; x_wconf 95' lang='lat' dir='ltr'> </span> 
     </span>
    </p>
   </div>
  </div>
 </body>
</html>
