2186 3532
375 268 640 321 mauraneum
905 261 945 321 ss

115 424 169 489 rat,
190 415 239 475 hic
256 416 315 494 jam
336 426 510 476 consecutus
530 428 581 477 est.
621 417 675 478 Ille
701 419 761 478 vult
787 418 837 477 diu
858 418 898 478 vi·

115 530 182 571 rere
191 532 207 585 t¹
219 513 268 571 hic
287 513 345 571 diu
358 513 436 573 vixit.
476 514 654 591 Quanquam
669 514 702 595 (o
723 516 774 575 Dii
787 515 895 597 bonit)

112 609 242 686 quidest
261 610 292 667 in
311 609 436 669 hominis
449 611 507 670 virt
528 611 597 670 diut
637 612 685 672 Da
703 613 781 672 euim
801 631 897 690 supre-

113 724 194 764 mum
215 716 345 783 tempus:
367 717 566 784 exspectemus
585 708 800 768 Tartessiorum
819 709 896 788 regis

112 812 246 861 etatem:
267 803 321 861 tuit
341 803 418 861 enirn
439 803 486 882 (ut
505 805 643 882 scriptum
665 805 762 886 rideo)
784 807 927 884 Argon-5

113 897 231 957 thonius
244 899 359 976 quidum
372 900 512 974 Gadibus,
527 902 577 977 qui
597 902 747 980 octogiuta
765 903 895 981 regnarit

113 1013 215 1068 annos,
229 1006 345 1056 centurn
359 1007 388 1055 et
401 996 503 1075 uiginti
517 997 603 1056 vixit:
624 999 676 1057 sed
690 999 813 1057 mihine
833 999 895 1057 diu·

112 1101 228 1150 turnum
254 1092 370 1169 quidem
389 1093 546 1169 quidquam
567 1094 689 1168 videtur,
716 1095 747 1154 in
771 1114 829 1172 quo
850 1106 894 1154 est

112 1188 220 1264 aliquid
233 1199 400 1249 extremum.
442 1189 518 1248 Cum
532 1192 609 1248 enim
624 1191 653 1249 id
668 1192 801 1264 advenit3
822 1203 894 1252 tunc

111 1283 193 1358 illud,
213 1285 290 1362 quod
310 1286 457 1364 preteriit,
477 1287 603 1344 effluxit:
622 1297 733 1346 tantum
754 1299 892 1363 remanet,
910 1289 943 1340 1⁰

111 1381 189 1458 quod
221 1382 325 1441 virtute
347 1393 388 1467 ¹et
421 1392 502 1463 recte
533 1382 617 1440 sactis
644 1393 817 1442 consecutus
843 1384 891 1444 sis.

110 1475 200 1536 Horae
227 1460 545 1554 quidem'cedurit'j'et
571 1477 643 1551 dies,
670 1488 699 1537 et
720 1497 842 1553 menses,
864 1491 893 1538 et

110 1573 198 1644 urni3
219 1592 276 1633 nec
298 1573 474 1650 preteritum
495 1583 608 1650 tempus
631 1593 757 1650 unquam
778 1576 894 1634 reverti·

109 1680 168 1743 tur,
195 1689 261 1741 nec,
289 1669 357 1744 quid
384 1675 528 1744 sequatur,⁴
556 1669 624 1727 sciri
650 1680 750 1746 potest.
802 1671 893 1734 Quod

108 1765 218 1842 cuique
239 1765 376 1843 temporis
398 1766 433 1825 ad
457 1765 609 1824 vivendum
633 1766 726 1839 datur,
747 1785 784 1825 eo
808 1767 893 1827 debet
909 1774 940 1825 15

109 1882 173 1922 esse
195 1874 355 1921 contentus.
396 1861 501 1939 Neque
521 1862 599 1921 enim
619 1861 762 1937 histrioni,
783 1873 815 1922 ut
833 1865 893 1943 pla·

109 1970 184 2033 cent,
197 1960 362 2038 peragenda
375 1969 418 2018 est
431 1959 537 2032 fabula,
552 1959 648 2032 modo,
664 1958 694 2016 in
709 1979 892 2038 quocumque

109 2055 195 2116 suerit
216 2066 293 2129 actu,
312 2056 464 2134 probotu13
485 2075 579 2132 neque
602 2054 724 2134 sapienti
745 2077 835 2135 usque
856 2059 892 2117 ad

109 2153 270 2213 “Plaudite
279 2155 295 2181 ”
312 2152 472 2211 vivendum.
485 2158 554 2258 γ’

147 2249 240 2308 Breve
253 2248 332 2307 cuim
345 2258 458 2324 tempus
471 2247 563 2306 aetatis
576 2246 646 2306 satis
659 2257 703 2306 est
721 2247 841 2327 longum
856 2249 891 2307 ud
907 2253 940 2304 20

108 2346 182 2405 berre
209 2345 386 2420 honesteque
416 2343 577 2416 vivendum.
631 2343 684 2403 Sin
717 2344 892 2420 processeris

107 2442 233 2520 longius,
247 2460 306 2499 nou
317 2440 409 2518 magis
423 2434 578 2499 dolendum
592 2449 646 2512 est,
657 2459 743 2516 quam
758 2440 892 2518 agricole

9 2574 11 2577 ·
108 2538 218 2610 dolent,
231 2536 377 2614 praeteritri
390 2535 471 2593 verni
491 2535 628 2613 temporis
648 2537 798 2609 suavitate,
813 2546 893 2595 aesta-

107 2645 167 2694 tem
198 2643 422 2708 autumnumque
456 2631 577 2689 venisse.
630 2632 690 2690 Ver
726 2632 803 2690 enim
831 2642 893 2691 tau·

106 2748 195 2808 quam
209 2728 431 2788 adolescentiam
445 2727 600 2806 significat,
614 2728 796 2804 ostenditque
817 2728 892 2787 fruc·
907 2741 939 2792 25

107 2837 155 2885 tus
168 2825 295 2883 futuros:
316 2824 428 2901 reliqua
446 2834 578 2901 tempora
595 2822 774 2882 demetendis
794 2824 892 2883 fructi·

107 2925 163 2983 bus
176 2931 206 2981 et
217 2919 411 2998 percipiendis
422 2919 641 2979 accommodata
651 2929 725 2977 sunt.
766 2918 891 2981 Fructus

105 3029 204 3083 nutem
212 3015 370 3077 senectutis
380 3027 424 3075 est
435 3015 481 3096 (ut
494 3035 570 3094 sepe
584 3015 658 3097 dixi)
671 3023 736 3074 ante
744 3026 892 3093 partorum
