2178 3526
277 273 415 333 muns,
435 272 509 321 srvi:
529 272 574 318 na
595 271 751 319 rrrrcrrra
909 261 951 325 87

118 432 150 479 et
170 419 199 479 iu
221 420 278 479 iilis
297 419 413 498 quidem
431 419 567 497 parandis
587 419 723 483 adhibere
743 437 852 491 curam,
872 417 903 478 in
999 443 1002 447 ²

119 517 223 575 amicis
248 517 389 595 eligendis
415 517 594 594 negligentes
612 535 695 574 esse:
722 535 778 575 neo
798 515 903 574 habere

117 613 200 690 quasi
220 613 304 690 signa
323 613 451 690 quodam
467 623 496 672 et
510 623 600 684 notas,
613 613 717 688 quibus
729 632 789 684 sos,
804 612 852 689 qui
867 613 903 671 ad

120 709 275 769 amicitiam
289 721 385 768 essent
397 709 504 782 idonei,
515 709 687 785 judicarent.
729 708 803 767 Sunt
816 709 902 786 igitur

118 805 205 879 firmi,
224 816 254 864 et
273 806 399 879 stabiles,
420 817 450 864 et
471 815 636 863 constantes
655 805 798 883 eligendi3
821 806 935 883 cujus5

118 903 233 981 generis
254 913 298 961 est
319 902 571 981 magnapenuria:
592 911 622 960 et
640 901 770 979 judicare
786 901 902 961 difficile

117 1010 163 1058 est
176 1019 255 1072 sane,
269 999 325 1058 uisi
343 1010 510 1076 expertum:
531 998 736 1076 experiendum
750 1008 845 1057 autern
858 1008 903 1057 est
1009 1006 1011 1010 ’

108 1096 149 1166 ,ia
164 1095 370 1173 ipsiamicitii.
404 1096 449 1155 Ita
457 1096 607 1173 praecurrit
617 1096 744 1154 amicitia
750 1096 901 1173 judicium,

118 1193 245 1269 tollitque
259 1193 424 1270 experiendi
438 1203 618 1270 potestatem.

158 1288 212 1347 Est
226 1288 313 1366 igitur
330 1289 488 1366 prudentis,
507 1289 659 1362 sustinere,
674 1299 705 1348 ut
718 1308 843 1362 currum,
858 1288 902 1348 sic
917 1295 949 1346 lt

117 1385 254 1462 impetum
276 1386 497 1456 benovolentiae3
519 1405 576 1461 quo
591 1395 713 1452 utamur,
728 1387 809 1462 quasi
822 1386 903 1463 equis
929 1446 933 1453 ,

116 1482 245 1555 tentatis,
268 1482 312 1540 sic
334 1482 479 1554 amicitiis,
504 1482 600 1557 aliqui
627 1492 707 1558 parte
733 1482 902 1558 periclitatis
940 1494 945 1507 ¹

106 1578 246 1647 moribus
266 1579 432 1638 amicorum.
471 1577 601 1640 Quidam
623 1596 698 1654 saepe
712 1578 741 1636 iu
754 1578 841 1654 parvi
854 1596 903 1654 pe·
972 1626 984 1645 s

117 1673 207 1732 cunii
225 1662 446 1751 perspiciuntur,
467 1693 552 1750 quam
572 1674 631 1734 sint
650 1673 743 1731 leves:
773 1673 900 1749 quidam,

116 1789 191 1846 quos
209 1790 295 1847 parra
314 1789 429 1829 movere
448 1790 507 1829 non
526 1770 630 1847 potuit,
645 1780 857 1847 cognoscuntur
871 1769 901 1828 in
916 1781 948 1830 15

115 1867 231 1945 magni.
272 1867 325 1926 Sin
338 1886 406 1927 uero
424 1878 507 1925 errant
522 1866 609 1942 aliqui
623 1867 739 1943 reperti,
753 1867 802 1942 qui
815 1885 902 1944 pecu·

115 1962 194 2022 niam
220 1963 353 2039 preferre
382 1963 525 2035 amicitiae,
548 1962 695 2020 sordidum
721 1963 899 2035 existiment3
944 1986 946 1991 ¹

115 2058 167 2118 ubi
193 2078 244 2118 eos
266 2059 454 2132 inveniemus,
478 2059 528 2135 qui
551 2060 685 2130 honores,
709 2061 899 2136 magistratus,

115 2154 246 2232 imperia,
265 2165 429 2232 potestates,
448 2174 528 2232 opes,
550 2154 682 2213 amicitie
705 2174 764 2213 non
786 2166 901 2230 antepo-

115 2262 204 2323 nant;
225 2263 266 2325 ut,
278 2271 343 2311 curn
358 2271 394 2309 ex
408 2251 497 2310 alteris
508 2262 589 2328 parte
602 2252 746 2327 proposita
755 2250 818 2308 haec
831 2251 897 2321 sint,
913 2268 946 2318 20

115 2367 153 2406 ex
173 2348 261 2407 alteri
279 2349 326 2426 jus
346 2348 491 2421 amicitia,
511 2367 570 2406 nou
591 2347 682 2405 multo
706 2347 755 2405 illa
777 2346 897 2404 malinti
935 2376 937 2381 ·

115 2441 267 2504 Imbecilla
278 2444 355 2504 enirn
365 2456 472 2503 natura
488 2454 532 2502 est
546 2444 582 2502 ad
595 2442 834 2502 contemnendam
848 2460 898 2518 po·

115 2541 250 2600 tentiam:
271 2561 355 2618 quam
370 2540 494 2600 etiamsi
509 2541 642 2617 neglectt
657 2540 783 2605 amicitia
798 2557 897 2596 couse-

114 2637 177 2697 cuti
190 2648 265 2710 suut,
275 2639 458 2697 obscuratum
473 2637 508 2695 iri
522 2656 553 2695 se
569 2637 751 2708 arbitrantur,
760 2636 827 2710 quia
836 2654 895 2693 non

113 2732 178 2793 sine
191 2734 295 2811 magni
308 2734 396 2794 causi
410 2734 447 2792 sit
460 2734 594 2811 neglecta
608 2732 742 2792 amicitia.
910 2739 943 2789 ‚ts

154 2827 254 2905 Itaque
265 2850 337 2890 reru
348 2830 482 2891 amicitiae
493 2830 662 2889 difficillime¹
673 2827 851 2906 reperiuntur
865 2826 895 2886 in
932 2852 937 2895 ς

113 2923 151 2986 iis
171 2925 220 3000 qui
247 2925 277 2984 in
303 2926 461 2986 honoribus
484 2945 570 3002 reque
596 2926 712 3003 publicai
739 2934 894 2983 versantur.

113 3020 171 3082 Ubi
183 3022 260 3082 enim
274 3022 360 3084 istum
373 3021 512 3097 invenias,
526 3022 575 3099 qui
595 3024 734 3081 honorem
749 3020 834 3080 amici
849 3040 897 3080 au·
