2186 3532
147 218 188 287 η
424 231 512 286 curo
532 236 647 300 uuor,
667 228 731 287 suu

194 383 320 444 incertos
351 402 419 445 snos
444 386 562 461 dieitur,
589 376 829 464 illacrymansque
853 374 985 461 uixisse,

196 481 267 539 “At
287 482 317 540 hi
337 482 453 560 quidem
470 483 530 561 jem
550 484 655 542 mortui
676 485 770 542 sunt'*
819 472 891 543 Nun
911 498 987 543 rere

195 588 255 637 tum
269 579 326 652 isti,
341 599 426 658 quam
445 590 478 640 tu
492 583 563 657 ipse,
577 589 717 658 nugator:
738 579 925 657 nequeenim
946 598 986 639 ex

194 685 226 734 te
245 692 371 753 unquam
399 696 433 736 cs
449 677 626 750 nobilitatus,
647 676 698 734 sed
725 695 762 735 ex
787 675 926 735 lateribus
951 686 987 735 et

163 766 313 831 tiacertis
330 773 397 832 tuis.
437 772 520 833 Nihil
542 773 572 832 S.
594 773 690 832 AEliur
710 773 777 846 tute,
791 772 863 831 nihil
884 770 986 831 multis

198 869 280 929 annis
295 864 360 928 ente
373 869 422 929 Ti.
437 870 649 944 Coruncanius,
663 869 735 928 nihil
750 869 837 927 modo
850 869 883 928 P.
898 869 987 927 Cres-

197 984 261 1038 sus;
297 985 314 1024 u
340 966 444 1043 quibus
473 967 540 1044 jurn
564 967 676 1025 civibus
706 966 985 1043 prescribebnntun

197 1078 319 1137 quorum
339 1064 485 1139 usquead
509 1073 669 1122 extrenum
688 1063 819 1140 spiritum
847 1072 892 1120 est
918 1080 987 1139 prc-

197 1158 453 1236 rcetcprudentia.

150 1254 183 1321 it
237 1253 353 1329 Orntcr,
374 1264 483 1331 rnetuo,
503 1272 541 1314 ne
560 1248 729 1336 languescet
749 1264 916 1314 senectute:
939 1263 987 1315 est

197 1349 276 1413 enim
289 1368 393 1413 munus
406 1353 468 1432 ejus
484 1366 545 1413 non
559 1352 668 1432 ingenii
679 1352 785 1426 solum,
798 1353 850 1411 sed
860 1353 985 1412 luterum

198 1442 286 1507 ctiam
298 1448 327 1508 et
340 1449 452 1511 vitium.
492 1449 621 1510 Omnino
635 1466 775 1509 cancrum
787 1449 858 1508 illud
872 1449 902 1508 in
912 1464 987 1508 voce

198 1543 373 1622 splendescit
392 1549 489 1621 etium,
502 1548 610 1606 nescio
629 1564 688 1624 quo
711 1555 809 1625 pactu,
829 1542 860 1604 in
886 1562 987 1604 senec·
1079 1590 1081 1595 ,

197 1654 276 1716 tute3
298 1644 375 1721 quod
388 1645 523 1722 equidem
538 1645 633 1703 udhuc
646 1663 706 1704 non
721 1642 819 1703 amisi:
838 1651 870 1701 et
883 1642 986 1701 uidetis

151 1748 185 1801 tt
202 1759 308 1801 annus:
331 1739 382 1799 sed
395 1750 492 1799 temen
505 1750 550 1798 est
565 1741 689 1799 decorus
708 1758 804 1799 sermo
817 1738 894 1797 senis
907 1739 986 1816 quie·

200 1848 249 1896 tus
260 1845 290 1894 ct
303 1835 455 1908 remissus3
476 1834 603 1912 facitque
621 1850 750 1913 persaepc
763 1835 825 1912 ipsu
837 1835 893 1895 sibi
908 1835 986 1894 tudi-

201 1931 309 1990 entium
318 1930 416 1990 diserti
428 1930 505 1989 senis
515 1941 630 2008 compte
638 1939 670 1989 et
679 1931 762 1990 mitis
768 1933 868 1991 cretio.
895 1928 986 1994 Quod
1080 1924 1081 2001 ᾗ

201 2028 226 2087 si
247 2024 308 2106 ipse
327 2027 445 2105 eccequi
465 2046 601 2105 nequens,
620 2027 715 2106 pessis
733 2039 830 2088 temen
853 2027 985 2106 Scipioni

201 2108 367 2203 precipere,
380 2133 411 2182 et
430 2123 529 2183 Laelic.
569 2122 651 2187 Quid
671 2125 750 2182 enim
770 2134 814 2183 est
830 2123 986 2203 jucundius

155 2217 187 2268 2⁰
202 2230 350 2280 senectute
364 2220 469 2299 stipati
482 2220 584 2288 studiis
600 2220 779 2298 juventutis?

151 2318 157 2349 ·'
241 2318 291 2376 'An
304 2334 342 2376 ne
351 2334 402 2376 ecs
412 2317 527 2394 quidem
537 2318 613 2376 vires
627 2318 769 2377 senectuti
783 2317 985 2394 relinquemus,

202 2425 236 2474 ut
268 2412 498 2474 adulescentulos
531 2406 645 2487 doccutJ
672 2414 811 2487 instituet,
840 2414 874 2473 ud
902 2432 985 2472 omne

201 2510 292 2570 officii
312 2526 416 2569 munus
436 2510 580 2569 instructi
600 2529 657 2589 quc
677 2509 793 2586 quidem
813 2528 901 2587 opere
920 2508 985 2587 quid

204 2616 298 2683 petest
316 2622 379 2664 esse
406 2606 600 2683 praeciariusi'
647 2605 723 2665 Mihi
742 2624 811 2663 vero
831 2605 885 2664 On.
906 2617 936 2663 et
952 2605 983 2664 P.

157 2708 189 2758 25
205 2702 366 2779 Scipiones,
381 2711 411 2761 et
425 2703 470 2761 uvi
483 2701 526 2760 tui
540 2701 608 2775 duo,
623 2701 657 2761 L.
672 2701 809 2760 AEmiiius
822 2712 852 2760 et
864 2702 897 2761 Ρ.
912 2701 985 2760 Afri·

153 2805 170 2831 ”
205 2814 305 2872 canus,
316 2798 455 2857 comitutu
468 2797 609 2861 nobilium
619 2797 756 2875 juvenum
767 2798 904 2857 fortunati
913 2796 985 2855 ride·

205 2895 318 2955 buntur.
358 2893 426 2954 Nec
439 2894 491 2953 ulli
505 2895 644 2953 bonerum
667 2893 912 2974 artiummcgistri
931 2908 983 2951 non

205 2990 283 3050 beati
299 2991 429 3071 putendi,
444 2991 574 3070 quamtis
587 2991 791 3052 consenuerint
805 2988 889 3064 vires,
903 2998 984 3065 utque
