2186 3532
6 256 7 293 i

6 298 7 319 ι

6 322 8 361 i

130 249 172 310 Μ’
419 259 508 311 CATO
527 257 645 319 ustos,
663 257 728 311 SEU

71 475 75 483 ‚
174 409 265 483 bellu3
287 413 370 489 cujus
391 431 526 471 sermone
551 410 593 470 its
618 421 680 470 tum
704 409 810 488 cupide
837 408 962 484 fruebar,

174 508 256 585 qussi
281 508 341 586 jam
365 508 524 567 divinarem
548 509 588 582 rd,
612 508 690 585 quod
713 507 819 581 evenit,
842 506 892 566 illo
915 525 964 566 ex·

153 588 276 679 stincto,
291 605 362 679 sore,
377 604 454 665 unde
468 607 621 680 discerem,
635 605 790 665 neminem.
815 623 829 681 j

158 822 162 831 *
213 798 249 858 V.
290 798 442 863 Quorsum
456 799 545 881 igitur
565 800 628 859 haec
641 812 701 859 tum
714 801 806 861 multu
819 801 856 860 de
869 800 962 861 Maxi·

141 899 241 959 tmci
261 898 330 974 quis
346 899 477 975 profecto
491 897 598 956 uidetis·
615 897 697 956 nesse
719 917 783 957 esse
805 899 895 972 dictu,
910 900 963 959 mi-

174 1013 268 1052 seram
301 993 390 1055 iuisse
421 995 510 1054 tndem
536 1005 724 1054 senectutem.
765 994 832 1055 Nec
865 1007 962 1057 tamen

173 1109 275 1150 omnes
294 1101 416 1169 possunt
437 1110 503 1153 esse
522 1091 686 1169 Scipiones,
710 1103 760 1151 sut
781 1091 913 1167 Maximi,
929 1104 963 1153 nt

174 1187 290 1246 urbium
317 1189 555 1267 expugnationes,
579 1199 612 1247 ut
637 1190 785 1266 pedestres
811 1191 962 1250 nsvaissse

143 1331 146 1338 .
173 1304 296 1363 pugnus,
307 1295 339 1342 ut
352 1285 429 1347 belle
442 1306 459 1349 s
472 1306 503 1344 se
517 1296 603 1364 gestu
622 1286 851 1364 tr'umphosque,
865 1306 962 1347 recor-

127 1382 278 1439 locentur
328 1382 381 1442 Est
394 1382 482 1441 etiarn
496 1382 594 1460 quiete
618 1403 643 1442 α
665 1402 748 1460 pure,
762 1394 792 1442 et
814 1385 962 1463 eleganter

174 1497 248 1537 scie
267 1488 362 1539 etsns
380 1479 496 1555 placide
518 1497 553 1537 sc
576 1479 650 1537 ienis
672 1489 818 1553 senectus,
846 1480 962 1556 quedem

174 1575 340 1653 sccepimus
353 1575 493 1648 Platonis,
504 1576 565 1653 qui,
576 1595 636 1635 unu
646 1587 675 1635 et
683 1577 861 1655 octogesimo
873 1596 960 1652 anuo,

173 1672 304 1732 scribens
315 1683 446 1731 mortuus
459 1684 520 1745 ests
541 1673 655 1750 qualem
668 1673 815 1747 leocritis,
830 1675 880 1750 qui
893 1694 962 1734 eum

172 1767 288 1841 librum,
300 1768 350 1845 qui
364 1776 383 1803 “
391 1769 629 1829 Panathenaicus
635 1771 653 1800 ''
669 1770 845 1843 inscribitur,
860 1782 962 1847 quartu

127 1876 159 1927 15
173 1875 203 1929 et
216 1865 406 1944 nonagesimo
426 1884 503 1924 anno
523 1867 674 1944 scripsisse
688 1888 719 1926 se
733 1867 817 1940 dicit3
832 1869 960 1945 vixitque

173 1961 403 2039 quinquennium
415 1973 532 2040 postes:
546 1963 629 2042 cujus
641 1965 778 2043 magister
789 1964 970 2040 Iaeetsntinns,¹

172 2058 298 2136 Gorgias
330 2070 447 2119 centum
473 2071 503 2119 et
531 2071 641 2139 septem
668 2060 824 2140 complevit
852 2082 960 2136 unnus,
1016 2134 1024 2153 x

173 2175 269 2232 nsque
291 2175 419 2233 unqusm
443 2156 474 2215 in
495 2176 550 2217 suu
572 2158 669 2216 studio
694 2171 779 2235 utque
800 2179 888 2238 opere
902 2180 963 2220 css-

174 2254 263 2313 ssritt
284 2253 344 2330 qui,
369 2272 437 2313 cum
458 2273 495 2312 ex
515 2273 550 2313 eo
572 2267 757 2330 quereretur,
779 2276 830 2316 cur
851 2258 962 2316 tamdiu

127 2354 160 2407 2⁰
174 2350 260 2411 veliet
281 2369 346 2408 esse
373 2349 404 2409 iu
431 2350 508 2423 vitiu
565 2350 677 2409 “Nihil
705 2352 827 2425 hebeu,”
857 2354 960 2430 inquit,

175 2447 281 2525 “quod
309 2446 441 2517 incusem
467 2451 675 2507 senectutem.''
716 2449 892 2508 Preclurum
919 2470 963 2509 re·

174 2565 322 2623 sponsum,
336 2555 366 2604 et
388 2544 475 2604 docto
497 2546 615 2605 homine
627 2546 766 2625 dignum!
808 2547 870 2604 Suu
883 2548 962 2606 enim

175 2641 245 2701 vitiu
258 2641 437 2720 insipientes,
451 2651 480 2700 et
494 2661 575 2700 susm
589 2642 716 2718 cuipam,
730 2642 767 2700 in'
781 2653 962 2704 senectutem

176 2738 346 2798 conferunt:
367 2737 446 2815 quod
468 2756 529 2797 non
555 2738 681 2799 faciebat
707 2737 741 2812 is,
764 2738 848 2817 cujus
875 2740 963 2799 modo

129 2826 162 2882 25
176 2836 353 2897 mentionem
367 2835 435 2908 feci,
448 2833 579 2907 Ennium

243 2969 260 2997 “
269 2964 418 3016 Sicutfortis
428 2981 517 3030 equus,
525 2966 604 3030 spstio
615 2965 658 3030 qui
669 2982 735 3031 sepe
746 2983 863 3033 supremo
943 2970 945 2975 '

270 3046 340 3098 Vicit
348 3047 475 3114 Olympis,
483 3062 555 3099 nunc
565 3047 636 3098 senio
645 3047 771 3099 mnfectn'
779 3046 909 3114 quiescit.”
