2186 3532
152 260 192 323 tu
447 278 535 324 cnr-o
557 277 673 338 urion,
687 278 749 326 suu

198 445 257 484 non
281 427 322 485 ita
344 426 432 505 longi
456 377 651 504 iispuiitione
673 444 746 504 opus
772 445 835 485 esne
859 425 984 500 videtur,

198 542 265 583 cnm
278 525 424 597 recorder,
437 542 497 583 non
512 525 605 583 coium
625 525 659 584 L.
681 525 813 598 Brutum,
828 524 878 601 qui
898 524 928 582 in
948 524 986 584 li·

197 621 324 679 bernndi
346 622 440 699 patrii
454 633 497 680 est
511 622 679 681 interfectus
687 643 695 695 ς
715 642 775 680 non
789 622 847 680 dno
860 621 981 695 Decios,

196 718 246 795 qui
269 719 304 776 ad
330 720 522 778 voluntariam
549 730 669 778 mortem
697 736 814 777 cursum
840 737 981 796 equorum

163 815 405 888 oincitoverunt3
426 835 485 875 non
507 815 548 875 M.
570 816 704 890 Atilium,
718 816 767 893 qni
790 816 824 874 ed
846 816 983 894 supplici·

195 925 303 972 ornent
321 914 478 991 proiectus,
493 923 525 971 ut
545 913 631 973 iidem
653 914 728 971 hosti
749 914 845 972 dotem
865 932 982 972 concer-

195 1021 273 1069 vnret
284 1032 292 1082 ;
313 1029 372 1069 non
395 1011 469 1068 duos
491 1011 655 1088 Scipiones,
670 1011 720 1087 qui
742 1010 797 1068 iter
816 1010 913 1068 Ptenis
933 1010 979 1068 vei

194 1108 363 1184 corporibus
377 1106 437 1165 suis
455 1108 602 1166 obstruere
624 1107 794 1179 voluerunt3
815 1125 874 1165 non
896 1126 980 1165 arnnr

193 1215 285 1278 tuum,
323 1205 356 1264 L.
392 1205 524 1280 Paulum,
558 1205 608 1281 qui
643 1214 734 1263 morte
773 1203 827 1263 luit
859 1203 980 1282 college

147 1308 178 1358 1⁰
194 1302 224 1360 in
251 1302 400 1360 Cannensi
427 1302 587 1380 ignominii
614 1301 823 1372 temeritatem
852 1319 911 1360 non
934 1300 977 1360 M.

91 1408 93 1411 ’
195 1397 377 1471 Marcellum,
404 1398 487 1475 cujus
521 1398 668 1457 interitum
692 1416 729 1456 ne
763 1397 979 1457 crudelissimus

193 1494 310 1571 quidem
334 1494 424 1554 hortis
445 1496 555 1554 honore
577 1495 729 1572 sepulture
753 1513 853 1553 curere
875 1513 978 1571 pessus

192 1602 236 1650 oet
244 1613 251 1663 ;
273 1592 324 1651 sed
338 1592 466 1670 legiones
479 1603 590 1652 nostres
604 1591 694 1671 (qnod
716 1592 817 1669 scripsi
838 1591 868 1649 in
883 1590 978 1651 “Ori-

192 1689 358 1771 ginibus'’)
374 1689 403 1748 in
418 1708 484 1748 eum
506 1708 580 1766 sepe
601 1688 699 1747 locum
719 1689 864 1766 proiectus
888 1689 977 1749 nlucri

145 1793 176 1841 15
191 1786 287 1844 unimo
301 1795 331 1842 et
344 1795 453 1857 erecto,
468 1786 545 1845 unde
558 1805 591 1843 ee
605 1804 751 1861 nunquam
771 1785 913 1845 rediturae
933 1806 975 1845 ur·

190 1880 373 1938 bitterentur.
425 1880 518 1943 Quod
546 1880 633 1958 igitur
662 1880 869 1956 adolescentes,
897 1892 926 1942 et
953 1882 975 1941 ii

190 1975 306 2051 quidem
328 1995 387 2033 non
409 1975 502 2035 solum
524 1977 642 2051 indocti,
671 1977 722 2035 sed
749 1978 836 2036 etiem
863 1977 974 2052 rustici,

190 2081 390 2144 contemnunt,
405 2072 435 2130 id
449 2072 528 2130 docti
542 2092 626 2132 cenes
639 2073 849 2133 extimescenti

227 2165 357 2226 Omnino
373 2169 419 2246 (ut
440 2168 510 2226 mihi
535 2169 652 2246 quidem
673 2170 798 2252 videtur)
813 2171 974 2232 studiorum

144 2271 175 2322 20
189 2265 319 2323 omniurn
346 2265 463 2324 satietur
489 2266 556 2324 vitae
584 2266 653 2325 fucit
679 2267 848 2327 satietatem.
899 2269 975 2330 Sunt

188 2362 318 2440 pueritiae
333 2372 413 2421 certo
425 2362 535 2421 studia:
557 2381 627 2421 num
642 2364 731 2443 igitur
750 2384 786 2422 ea
805 2366 974 2426 desiderunt

190 2459 407 2518 adolescentent
461 2460 536 2518 Sunt
556 2470 585 2518 et
605 2461 731 2519 ineuntis
752 2461 972 2525 adolescentie:

188 2575 258 2614 num
277 2576 313 2614 en
331 2555 389 2633 jam
414 2566 551 2615 constans
572 2557 692 2634 requirit
706 2567 784 2631 retas,
798 2578 863 2635 quoe
877 2560 974 2621 medin

188 2652 316 2711 dicitur?
356 2655 432 2711 Sunt
451 2653 538 2712 etium
559 2654 645 2732 hujus
658 2654 766 2713 etatis:
797 2675 836 2715 ne
856 2677 892 2717 ea
911 2660 974 2735 qui·

143 2757 175 2807 25
188 2750 255 2809 dem
282 2761 447 2826 queruntur
476 2771 493 2810 e
518 2762 677 2810 senectute.
714 2778 727 2805 x
743 2752 818 2811 Sunt
845 2765 974 2814 extreme

188 2847 318 2923 quedam
333 2848 429 2906 studia
441 2849 606 2908 senectutis.
648 2848 738 2927 Ergo,
748 2859 780 2908 ut
790 2852 971 2928 superiorum
1052 2884 1056 2889 ·

189 2953 305 3003 etatum
318 2945 415 3003 studia
435 2945 584 3019 occidunt,
598 2946 642 3005 nic
662 2945 802 3006 occidunt
822 2948 908 3008 etium
929 2967 975 3008 ee·
