<?xml version="1.0" encoding="UTF-8"?>
<!DOCTYPE html PUBLIC "-//W3C//DTD XHTML 1.0 Transitional//EN"
    "http://www.w3.org/TR/xhtml1/DTD/xhtml1-transitional.dtd">
<html xmlns="http://www.w3.org/1999/xhtml" xml:lang="en" lang="en">
 <head>
  <title>
</title>
<meta http-equiv="Content-Type" content="text/html;charset=utf-8" />
  <meta name='ocr-system' content='tesseract 3.04.00' />
  <meta name='ocr-capabilities' content='ocr_page ocr_carea ocr_par ocr_line ocrx_word'/>
</head>
<body>
  <div class='ocr_page' id='page_1' title='image "./desenectuteetde00cicegoog_0058.png"; bbox 0 0 2186 3532; ppageno 0'>
   <div class='ocr_carea' id='block_1_1' title="bbox 333 237 950 339">
    <p class='ocr_par' dir='ltr' id='par_1_1' title="bbox 333 237 950 339">
     <span class='ocr_line' id='line_1_1' title="bbox 333 237 950 339; baseline -0.003 -4"><span class='ocrx_word' id='word_1_1' title='bbox 333 237 640 339; x_wconf 70' lang='lat' dir='ltr'>nummorum.</span> <span class='ocrx_word' id='word_1_2' title='bbox 912 273 950 334; x_wconf 82' lang='lat' dir='ltr'>or</span> 
     </span>
    </p>
   </div>
   <div class='ocr_carea' id='block_1_2' title="bbox 9 422 904 519">
    <p class='ocr_par' dir='ltr' id='par_1_2' title="bbox 9 422 904 519">
     <span class='ocr_line' id='line_1_2' title="bbox 9 422 904 519; baseline -0.008 -20"><span class='ocrx_word' id='word_1_3' title='bbox 9 422 11 449; x_wconf 64' lang='lat'>⁵</span> <span class='ocrx_word' id='word_1_4' title='bbox 113 438 246 498; x_wconf 77' lang='lat' dir='ltr'>¹virorum</span> <span class='ocrx_word' id='word_1_5' title='bbox 268 448 336 515; x_wconf 83' lang='lat' dir='ltr'>post</span> <span class='ocrx_word' id='word_1_6' title='bbox 357 447 478 497; x_wconf 86' lang='lat' dir='ltr'>mortem</span> <span class='ocrx_word' id='word_1_7' title='bbox 498 438 624 496; x_wconf 86' lang='lat' dir='ltr'>honores</span> <span class='ocrx_word' id='word_1_8' title='bbox 643 445 855 519; x_wconf 81' lang='lat' dir='ltr'>permanerent,</span> <span class='ocrx_word' id='word_1_9' title='bbox 879 433 904 493; x_wconf 86' lang='lat' dir='ltr'>si</span> 
     </span>
    </p>
   </div>
   <div class='ocr_carea' id='block_1_3' title="bbox 108 531 951 1384">
    <p class='ocr_par' dir='ltr' id='par_1_3' title="bbox 108 531 951 1384">
     <span class='ocr_line' id='line_1_3' title="bbox 117 531 905 614; baseline -0.005 -20"><span class='ocrx_word' id='word_1_10' title='bbox 117 536 190 595; x_wconf 87' lang='lat' dir='ltr'>nihil</span> <span class='ocrx_word' id='word_1_11' title='bbox 205 555 306 614; x_wconf 74' lang='lat' dir='ltr'>eorum</span> <span class='ocrx_word' id='word_1_12' title='bbox 320 535 447 612; x_wconf 88' lang='lat' dir='ltr'>ipsorum</span> <span class='ocrx_word' id='word_1_13' title='bbox 462 534 549 593; x_wconf 86' lang='lat' dir='ltr'>animi</span> <span class='ocrx_word' id='word_1_14' title='bbox 563 534 721 606; x_wconf 76' lang='lat' dir='ltr'>efficerent,</span> <span class='ocrx_word' id='word_1_15' title='bbox 730 531 905 610; x_wconf 87' lang='lat' dir='ltr'>quodiutius</span> 
     </span>
     <span class='ocr_line' id='line_1_4' title="bbox 118 629 905 715; baseline -0.005 -24"><span class='ocrx_word' id='word_1_16' title='bbox 118 633 288 692; x_wconf 88' lang='lat' dir='ltr'>memoriam</span> <span class='ocrx_word' id='word_1_17' title='bbox 312 631 357 689; x_wconf 86' lang='lat' dir='ltr'>sui</span> <span class='ocrx_word' id='word_1_18' title='bbox 379 642 551 715; x_wconf 82' lang='lat' dir='ltr'>teneremus.</span> <span class='ocrx_word' id='word_1_19' title='bbox 592 629 668 688; x_wconf 88' lang='lat' dir='ltr'>Mihi</span> <span class='ocrx_word' id='word_1_20' title='bbox 695 630 811 706; x_wconf 87' lang='lat' dir='ltr'>quidem</span> <span class='ocrx_word' id='word_1_21' title='bbox 831 648 905 689; x_wconf 90' lang='lat' dir='ltr'>nun·</span> 
     </span>
     <span class='ocr_line' id='line_1_5' title="bbox 116 727 905 806; baseline -0.005 -18"><span class='ocrx_word' id='word_1_22' title='bbox 116 748 205 806; x_wconf 87' lang='lat' dir='ltr'>quam</span> <span class='ocrx_word' id='word_1_23' title='bbox 218 729 382 806; x_wconf 81' lang='lat' dir='ltr'>persuaderi</span> <span class='ocrx_word' id='word_1_24' title='bbox 395 728 498 806; x_wconf 89' lang='lat' dir='ltr'>potuit,</span> <span class='ocrx_word' id='word_1_25' title='bbox 515 728 635 801; x_wconf 86' lang='lat' dir='ltr'>animos,</span> <span class='ocrx_word' id='word_1_26' title='bbox 650 727 719 787; x_wconf 90' lang='lat' dir='ltr'>dum</span> <span class='ocrx_word' id='word_1_27' title='bbox 733 727 764 785; x_wconf 90' lang='lat' dir='ltr'>in</span> <span class='ocrx_word' id='word_1_28' title='bbox 778 727 905 804; x_wconf 90' lang='lat' dir='ltr'>oorpori·</span> 
     </span>
     <span class='ocr_line' id='line_1_6' title="bbox 118 822 935 898; baseline 0.001 -14"><span class='ocrx_word' id='word_1_29' title='bbox 118 825 173 884; x_wconf 87' lang='lat' dir='ltr'>bus</span> <span class='ocrx_word' id='word_1_30' title='bbox 187 835 283 884; x_wconf 78' lang='lat' dir='ltr'>essent</span> <span class='ocrx_word' id='word_1_31' title='bbox 302 825 480 898; x_wconf 77' lang='lat' dir='ltr'>mortalibus,</span> <span class='ocrx_word' id='word_1_32' title='bbox 500 824 596 883; x_wconf 85' lang='lat' dir='ltr'>vivere</span> <span class='ocrx_word' id='word_1_33' title='bbox 606 845 614 895; x_wconf 93' lang='lat'>;</span> <span class='ocrx_word' id='word_1_34' title='bbox 636 843 703 884; x_wconf 87' lang='lat' dir='ltr'>oum</span> <span class='ocrx_word' id='word_1_35' title='bbox 723 822 850 882; x_wconf 73' lang='lat' dir='ltr'>exissent</span> <span class='ocrx_word' id='word_1_36' title='bbox 868 835 935 885; x_wconf 84' lang='lat' dir='ltr'>ex5</span> 
     </span>
     <span class='ocr_line' id='line_1_7' title="bbox 118 919 904 996; baseline -0.004 -16"><span class='ocrx_word' id='word_1_37' title='bbox 118 920 165 993; x_wconf 90' lang='lat' dir='ltr'>iis,</span> <span class='ocrx_word' id='word_1_38' title='bbox 176 921 283 979; x_wconf 91' lang='lat' dir='ltr'>emori:</span> <span class='ocrx_word' id='word_1_39' title='bbox 305 940 361 979; x_wconf 87' lang='lat' dir='ltr'>neo</span> <span class='ocrx_word' id='word_1_40' title='bbox 375 939 453 993; x_wconf 86' lang='lat' dir='ltr'>vero,</span> <span class='ocrx_word' id='word_1_41' title='bbox 466 930 528 979; x_wconf 88' lang='lat' dir='ltr'>tum</span> <span class='ocrx_word' id='word_1_42' title='bbox 543 919 670 978; x_wconf 88' lang='lat' dir='ltr'>animum</span> <span class='ocrx_word' id='word_1_43' title='bbox 691 939 754 977; x_wconf 86' lang='lat' dir='ltr'>esse</span> <span class='ocrx_word' id='word_1_44' title='bbox 769 919 904 996; x_wconf 86' lang='lat' dir='ltr'>insipien·</span> 
     </span>
     <span class='ocr_line' id='line_1_8' title="bbox 108 1016 904 1095; baseline -0.001 -19"><span class='ocrx_word' id='word_1_45' title='bbox 108 1027 188 1092; x_wconf 86' lang='lat' dir='ltr'>tem,</span> <span class='ocrx_word' id='word_1_46' title='bbox 211 1037 278 1076; x_wconf 84' lang='lat' dir='ltr'>curn</span> <span class='ocrx_word' id='word_1_47' title='bbox 302 1037 338 1076; x_wconf 87' lang='lat' dir='ltr'>ex</span> <span class='ocrx_word' id='word_1_48' title='bbox 358 1017 508 1095; x_wconf 83' lang='lat' dir='ltr'>insipienti</span> <span class='ocrx_word' id='word_1_49' title='bbox 530 1036 653 1095; x_wconf 82' lang='lat' dir='ltr'>corpore</span> <span class='ocrx_word' id='word_1_50' title='bbox 676 1017 831 1090; x_wconf 80' lang='lat' dir='ltr'>erasisset3</span> <span class='ocrx_word' id='word_1_51' title='bbox 852 1016 904 1075; x_wconf 85' lang='lat' dir='ltr'>sed</span> 
     </span>
     <span class='ocr_line' id='line_1_9' title="bbox 118 1114 904 1193; baseline -0.001 -19"><span class='ocrx_word' id='word_1_52' title='bbox 118 1132 196 1187; x_wconf 78' lang='lat' dir='ltr'>oum,</span> <span class='ocrx_word' id='word_1_53' title='bbox 211 1115 290 1174; x_wconf 91' lang='lat' dir='ltr'>omni</span> <span class='ocrx_word' id='word_1_54' title='bbox 312 1114 488 1174; x_wconf 78' lang='lat' dir='ltr'>admixtione</span> <span class='ocrx_word' id='word_1_55' title='bbox 501 1114 631 1192; x_wconf 86' lang='lat' dir='ltr'>eorporis</span> <span class='ocrx_word' id='word_1_56' title='bbox 650 1115 799 1188; x_wconf 88' lang='lat' dir='ltr'>liberatus,</span> <span class='ocrx_word' id='word_1_57' title='bbox 812 1133 904 1193; x_wconf 85' lang='lat' dir='ltr'>purus</span> 
     </span>
     <span class='ocr_line' id='line_1_10' title="bbox 118 1212 901 1292; baseline 0 -21"><span class='ocrx_word' id='word_1_58' title='bbox 118 1221 149 1271; x_wconf 84' lang='lat' dir='ltr'>et</span> <span class='ocrx_word' id='word_1_59' title='bbox 171 1213 282 1290; x_wconf 83' lang='lat' dir='ltr'>integer</span> <span class='ocrx_word' id='word_1_60' title='bbox 306 1231 370 1270; x_wconf 85' lang='lat' dir='ltr'>esse</span> <span class='ocrx_word' id='word_1_61' title='bbox 390 1212 534 1288; x_wconf 87' lang='lat' dir='ltr'>ooepisset,</span> <span class='ocrx_word' id='word_1_62' title='bbox 555 1223 616 1271; x_wconf 91' lang='lat' dir='ltr'>tum</span> <span class='ocrx_word' id='word_1_63' title='bbox 644 1232 707 1272; x_wconf 87' lang='lat' dir='ltr'>esse</span> <span class='ocrx_word' id='word_1_64' title='bbox 730 1212 901 1292; x_wconf 79' lang='lat' dir='ltr'>sapientem.</span> 
     </span>
     <span class='ocr_line' id='line_1_11' title="bbox 117 1307 951 1384; baseline -0.007 -17"><span class='ocrx_word' id='word_1_65' title='bbox 117 1307 214 1384; x_wconf 83' lang='lat' dir='ltr'>Atque</span> <span class='ocrx_word' id='word_1_66' title='bbox 225 1309 323 1381; x_wconf 89' lang='lat' dir='ltr'>etiam,</span> <span class='ocrx_word' id='word_1_67' title='bbox 338 1327 406 1368; x_wconf 86' lang='lat' dir='ltr'>oum</span> <span class='ocrx_word' id='word_1_68' title='bbox 420 1307 547 1366; x_wconf 85' lang='lat' dir='ltr'>hominis</span> <span class='ocrx_word' id='word_1_69' title='bbox 557 1318 662 1366; x_wconf 83' lang='lat' dir='ltr'>natura</span> <span class='ocrx_word' id='word_1_70' title='bbox 672 1319 764 1367; x_wconf 85' lang='lat' dir='ltr'>morte</span> <span class='ocrx_word' id='word_1_71' title='bbox 775 1307 904 1366; x_wconf 84' lang='lat' dir='ltr'>dissolri·</span> <span class='ocrx_word' id='word_1_72' title='bbox 918 1310 951 1362; x_wconf 82' lang='lat'>10</span> 
     </span>
    </p>
   </div>
   <div class='ocr_carea' id='block_1_4' title="bbox 14 1405 904 1481">
    <p class='ocr_par' dir='ltr' id='par_1_4' title="bbox 14 1405 904 1481">
     <span class='ocr_line' id='line_1_12' title="bbox 14 1405 904 1481; baseline -0.002 -17"><span class='ocrx_word' id='word_1_73' title='bbox 14 1461 16 1465; x_wconf 76' lang='grc'>,</span> <span class='ocrx_word' id='word_1_74' title='bbox 103 1413 174 1477; x_wconf 75' lang='lat' dir='ltr'>tur,</span> <span class='ocrx_word' id='word_1_75' title='bbox 189 1415 357 1463; x_wconf 74' lang='lat' dir='ltr'>ceterarum</span> <span class='ocrx_word' id='word_1_76' title='bbox 372 1423 480 1476; x_wconf 85' lang='lat' dir='ltr'>rerum,</span> <span class='ocrx_word' id='word_1_77' title='bbox 493 1405 679 1480; x_wconf 81' lang='lat' dir='ltr'>perspicuum</span> <span class='ocrx_word' id='word_1_78' title='bbox 688 1414 742 1477; x_wconf 88' lang='lat' dir='ltr'>est,</span> <span class='ocrx_word' id='word_1_79' title='bbox 756 1423 814 1481; x_wconf 93' lang='lat' dir='ltr'>quo</span> <span class='ocrx_word' id='word_1_80' title='bbox 828 1422 904 1480; x_wconf 80' lang='lat' dir='ltr'>qute-</span> 
     </span>
    </p>
   </div>
   <div class='ocr_carea' id='block_1_5' title="bbox 43 1499 951 2912">
    <p class='ocr_par' dir='ltr' id='par_1_5' title="bbox 117 1499 904 1578">
     <span class='ocr_line' id='line_1_13' title="bbox 117 1499 904 1578; baseline 0 -19"><span class='ocrx_word' id='word_1_81' title='bbox 117 1520 174 1578; x_wconf 87' lang='lat' dir='ltr'>que</span> <span class='ocrx_word' id='word_1_82' title='bbox 188 1500 339 1559; x_wconf 77' lang='lat' dir='ltr'>discedant</span> <span class='ocrx_word' id='word_1_83' title='bbox 351 1520 358 1557; x_wconf 91' lang='lat'><strong>:</strong></span> <span class='ocrx_word' id='word_1_84' title='bbox 371 1499 479 1558; x_wconf 87' lang='lat' dir='ltr'>abeunt</span> <span class='ocrx_word' id='word_1_85' title='bbox 489 1499 567 1557; x_wconf 89' lang='lat' dir='ltr'>enim</span> <span class='ocrx_word' id='word_1_86' title='bbox 579 1500 649 1559; x_wconf 83' lang='lat' dir='ltr'>illue</span> <span class='ocrx_word' id='word_1_87' title='bbox 660 1499 852 1573; x_wconf 81' lang='lat' dir='ltr'>omnia,uurle</span> <span class='ocrx_word' id='word_1_88' title='bbox 860 1519 904 1559; x_wconf 89' lang='lat' dir='ltr'>or·</span> 
     </span>
    </p>

    <p class='ocr_par' dir='ltr' id='par_1_6' title="bbox 115 1595 950 2160">
     <span class='ocr_line' id='line_1_14' title="bbox 117 1595 905 1668; baseline 0.001 -13"><span class='ocrx_word' id='word_1_89' title='bbox 117 1608 148 1655; x_wconf 92' lang='lat' dir='ltr'>ta</span> <span class='ocrx_word' id='word_1_90' title='bbox 155 1608 223 1655; x_wconf 88' lang='lat' dir='ltr'>sunt</span> <span class='ocrx_word' id='word_1_91' title='bbox 231 1617 239 1668; x_wconf 88' lang='lat'>;</span> <span class='ocrx_word' id='word_1_92' title='bbox 262 1596 375 1654; x_wconf 88' lang='lat' dir='ltr'>animus</span> <span class='ocrx_word' id='word_1_93' title='bbox 389 1605 485 1654; x_wconf 81' lang='lat' dir='ltr'>eutem</span> <span class='ocrx_word' id='word_1_94' title='bbox 496 1595 584 1668; x_wconf 90' lang='lat' dir='ltr'>solus,</span> <span class='ocrx_word' id='word_1_95' title='bbox 591 1615 649 1655; x_wconf 84' lang='lat' dir='ltr'>neo</span> <span class='ocrx_word' id='word_1_96' title='bbox 663 1615 730 1654; x_wconf 85' lang='lat' dir='ltr'>oum</span> <span class='ocrx_word' id='word_1_97' title='bbox 746 1597 835 1668; x_wconf 83' lang='lat' dir='ltr'>adest,</span> <span class='ocrx_word' id='word_1_98' title='bbox 848 1615 905 1656; x_wconf 89' lang='lat' dir='ltr'>neo</span> 
     </span>
     <span class='ocr_line' id='line_1_15' title="bbox 117 1691 904 1769; baseline -0.001 -16"><span class='ocrx_word' id='word_1_99' title='bbox 117 1712 185 1753; x_wconf 87' lang='lat' dir='ltr'>oum</span> <span class='ocrx_word' id='word_1_100' title='bbox 193 1692 327 1764; x_wconf 82' lang='lat' dir='ltr'>discedit,</span> <span class='ocrx_word' id='word_1_101' title='bbox 340 1701 464 1769; x_wconf 88' lang='lat' dir='ltr'>apparet.</span> <span class='ocrx_word' id='word_1_102' title='bbox 485 1691 748 1766; x_wconf 84' lang='lat' dir='ltr'>Jamveroridetis,</span> <span class='ocrx_word' id='word_1_103' title='bbox 758 1692 904 1752; x_wconf 78' lang='lat' dir='ltr'>nihilosoe</span> 
     </span>
     <span class='ocr_line' id='line_1_16' title="bbox 115 1788 950 1867; baseline 0.004 -18"><span class='ocrx_word' id='word_1_104' title='bbox 115 1788 277 1849; x_wconf 88' lang='lat' dir='ltr'>mortitam</span> <span class='ocrx_word' id='word_1_105' title='bbox 292 1788 395 1862; x_wconf 88' lang='lat' dir='ltr'>simile,</span> <span class='ocrx_word' id='word_1_106' title='bbox 410 1807 495 1864; x_wconf 88' lang='lat' dir='ltr'>quam</span> <span class='ocrx_word' id='word_1_107' title='bbox 506 1808 648 1848; x_wconf 87' lang='lat' dir='ltr'>somnum.</span> <span class='ocrx_word' id='word_1_108' title='bbox 690 1789 780 1867; x_wconf 83' lang='lat' dir='ltr'>Atqui</span> <span class='ocrx_word' id='word_1_109' title='bbox 799 1789 904 1849; x_wconf 89' lang='lat' dir='ltr'>dormi·</span> <span class='ocrx_word' id='word_1_110' title='bbox 919 1801 950 1853; x_wconf 78' lang='lat'>16</span> 
     </span>
     <span class='ocr_line' id='line_1_17' title="bbox 117 1885 905 1947; baseline 0.003 -2"><span class='ocrx_word' id='word_1_111' title='bbox 117 1886 228 1945; x_wconf 81' lang='lat' dir='ltr'>entium</span> <span class='ocrx_word' id='word_1_112' title='bbox 244 1885 332 1944; x_wconf 86' lang='lat' dir='ltr'>animi</span> <span class='ocrx_word' id='word_1_113' title='bbox 353 1885 477 1944; x_wconf 80' lang='lat' dir='ltr'>manime</span> <span class='ocrx_word' id='word_1_114' title='bbox 496 1885 645 1945; x_wconf 81' lang='lat' dir='ltr'>declarant</span> <span class='ocrx_word' id='word_1_115' title='bbox 665 1886 844 1946; x_wconf 86' lang='lat' dir='ltr'>divinitatem</span> <span class='ocrx_word' id='word_1_116' title='bbox 858 1907 905 1947; x_wconf 86' lang='lat' dir='ltr'>su·</span> 
     </span>
     <span class='ocr_line' id='line_1_18' title="bbox 119 1981 903 2060; baseline 0.004 -18"><span class='ocrx_word' id='word_1_117' title='bbox 119 2002 174 2042; x_wconf 84' lang='lat' dir='ltr'>am.</span> <span class='ocrx_word' id='word_1_118' title='bbox 215 1981 311 2041; x_wconf 84' lang='lat' dir='ltr'>Multa</span> <span class='ocrx_word' id='word_1_119' title='bbox 336 1981 425 2055; x_wconf 87' lang='lat' dir='ltr'>enirn,</span> <span class='ocrx_word' id='word_1_120' title='bbox 452 2001 520 2041; x_wconf 84' lang='lat' dir='ltr'>oum</span> <span class='ocrx_word' id='word_1_121' title='bbox 541 1982 654 2044; x_wconf 81' lang='lat' dir='ltr'>remissi</span> <span class='ocrx_word' id='word_1_122' title='bbox 675 1994 704 2042; x_wconf 91' lang='lat' dir='ltr'>et</span> <span class='ocrx_word' id='word_1_123' title='bbox 725 1983 809 2043; x_wconf 88' lang='lat' dir='ltr'>liberi</span> <span class='ocrx_word' id='word_1_124' title='bbox 825 1995 903 2060; x_wconf 89' lang='lat' dir='ltr'>sunt,</span> 
     </span>
     <span class='ocr_line' id='line_1_19' title="bbox 118 2078 904 2160; baseline 0.001 -21"><span class='ocrx_word' id='word_1_125' title='bbox 118 2079 214 2139; x_wconf 79' lang='lat' dir='ltr'>lutura</span> <span class='ocrx_word' id='word_1_126' title='bbox 236 2078 425 2156; x_wconf 82' lang='lat' dir='ltr'>prospiciunt.</span> <span class='ocrx_word' id='word_1_127' title='bbox 466 2078 590 2155; x_wconf 83' lang='lat' dir='ltr'>Exque</span> <span class='ocrx_word' id='word_1_128' title='bbox 610 2080 789 2160; x_wconf 81' lang='lat' dir='ltr'>intelligitur,</span> <span class='ocrx_word' id='word_1_129' title='bbox 804 2083 904 2158; x_wconf 87' lang='lat' dir='ltr'>quales</span> 
     </span>
    </p>

    <p class='ocr_par' dir='ltr' id='par_1_7' title="bbox 43 2174 951 2912">
     <span class='ocr_line' id='line_1_20' title="bbox 43 2174 904 2252; baseline 0.007 -23"><span class='ocrx_word' id='word_1_130' title='bbox 43 2212 48 2229; x_wconf 84' lang='grc'>,</span> <span class='ocrx_word' id='word_1_131' title='bbox 118 2174 206 2235; x_wconf 83' lang='lat' dir='ltr'>sutori</span> <span class='ocrx_word' id='word_1_132' title='bbox 221 2176 288 2248; x_wconf 89' lang='lat' dir='ltr'>sint,</span> <span class='ocrx_word' id='word_1_133' title='bbox 304 2194 369 2233; x_wconf 87' lang='lat' dir='ltr'>oum</span> <span class='ocrx_word' id='word_1_134' title='bbox 381 2193 413 2233; x_wconf 90' lang='lat' dir='ltr'>se</span> <span class='ocrx_word' id='word_1_135' title='bbox 425 2175 511 2252; x_wconf 85' lang='lat' dir='ltr'>plane</span> <span class='ocrx_word' id='word_1_136' title='bbox 525 2175 655 2252; x_wconf 83' lang='lat' dir='ltr'>eorporis</span> <span class='ocrx_word' id='word_1_137' title='bbox 668 2176 792 2236; x_wconf 75' lang='lat' dir='ltr'>vinculis</span> <span class='ocrx_word' id='word_1_138' title='bbox 812 2178 904 2235; x_wconf 80' lang='lat' dir='ltr'>relax·</span> 
     </span>
     <span class='ocr_line' id='line_1_21' title="bbox 118 2271 950 2355; baseline -0.002 -25"><span class='ocrx_word' id='word_1_139' title='bbox 118 2272 236 2355; x_wconf 81' lang='lat' dir='ltr'>arerint.</span> <span class='ocrx_word' id='word_1_140' title='bbox 276 2271 389 2344; x_wconf 80' lang='lat' dir='ltr'>Quare,</span> <span class='ocrx_word' id='word_1_141' title='bbox 403 2271 427 2329; x_wconf 89' lang='lat' dir='ltr'>si</span> <span class='ocrx_word' id='word_1_142' title='bbox 442 2271 505 2329; x_wconf 78' lang='lat' dir='ltr'>heo</span> <span class='ocrx_word' id='word_1_143' title='bbox 518 2271 560 2329; x_wconf 87' lang='lat' dir='ltr'>ita</span> <span class='ocrx_word' id='word_1_144' title='bbox 572 2283 649 2345; x_wconf 89' lang='lat' dir='ltr'>sunt,</span> <span class='ocrx_word' id='word_1_145' title='bbox 660 2273 703 2331; x_wconf 85' lang='lat' dir='ltr'>sio</span> <span class='ocrx_word' id='word_1_146' title='bbox 716 2292 762 2331; x_wconf 93' lang='lat' dir='ltr'>me</span> <span class='ocrx_word' id='word_1_147' title='bbox 774 2272 903 2346; x_wconf 85' lang='lat' dir='ltr'>nolitote,</span> <span class='ocrx_word' id='word_1_148' title='bbox 917 2277 950 2328; x_wconf 72' lang='lat'>20</span> 
     </span>
     <span class='ocr_line' id='line_1_22' title="bbox 119 2367 904 2428; baseline -0.001 0"><span class='ocrx_word' id='word_1_149' title='bbox 119 2380 151 2428; x_wconf 86' lang='lat' dir='ltr'>ut</span> <span class='ocrx_word' id='word_1_150' title='bbox 163 2369 267 2427; x_wconf 87' lang='lat' dir='ltr'>Deum.</span> <span class='ocrx_word' id='word_1_151' title='bbox 310 2368 364 2427; x_wconf 78' lang='lat' dir='ltr'>Sin</span> <span class='ocrx_word' id='word_1_152' title='bbox 385 2368 442 2426; x_wconf 76' lang='lat' dir='ltr'>unri</span> <span class='ocrx_word' id='word_1_153' title='bbox 456 2377 501 2425; x_wconf 88' lang='lat' dir='ltr'>est</span> <span class='ocrx_word' id='word_1_154' title='bbox 519 2367 688 2427; x_wconf 87' lang='lat' dir='ltr'>interiturus</span> <span class='ocrx_word' id='word_1_155' title='bbox 709 2369 823 2427; x_wconf 86' lang='lat' dir='ltr'>animus</span> <span class='ocrx_word' id='word_1_156' title='bbox 836 2387 904 2428; x_wconf 87' lang='lat' dir='ltr'>oum</span> 
     </span>
     <span class='ocr_line' id='line_1_23' title="bbox 116 2463 905 2542; baseline -0.003 -18"><span class='ocrx_word' id='word_1_157' title='bbox 116 2482 250 2542; x_wconf 68' lang='lat' dir='ltr'>corpore,</span> <span class='ocrx_word' id='word_1_158' title='bbox 277 2483 328 2524; x_wconf 82' lang='lat' dir='ltr'>ros</span> <span class='ocrx_word' id='word_1_159' title='bbox 354 2473 461 2536; x_wconf 84' lang='lat' dir='ltr'>tamen,</span> <span class='ocrx_word' id='word_1_160' title='bbox 483 2463 563 2522; x_wconf 89' lang='lat' dir='ltr'>Deos</span> <span class='ocrx_word' id='word_1_161' title='bbox 586 2476 726 2538; x_wconf 83' lang='lat' dir='ltr'>verentes,</span> <span class='ocrx_word' id='word_1_162' title='bbox 751 2464 801 2540; x_wconf 90' lang='lat' dir='ltr'>qui</span> <span class='ocrx_word' id='word_1_163' title='bbox 828 2464 905 2523; x_wconf 86' lang='lat' dir='ltr'>hano</span> 
     </span>
     <span class='ocr_line' id='line_1_24' title="bbox 117 2560 906 2638; baseline 0 -18"><span class='ocrx_word' id='word_1_164' title='bbox 117 2580 234 2621; x_wconf 86' lang='lat' dir='ltr'>ornnem</span> <span class='ocrx_word' id='word_1_165' title='bbox 254 2560 499 2638; x_wconf 83' lang='lat' dir='ltr'>pulchritudinem</span> <span class='ocrx_word' id='word_1_166' title='bbox 519 2569 637 2620; x_wconf 88' lang='lat' dir='ltr'>tuentur</span> <span class='ocrx_word' id='word_1_167' title='bbox 657 2571 687 2619; x_wconf 89' lang='lat' dir='ltr'>et</span> <span class='ocrx_word' id='word_1_168' title='bbox 706 2570 820 2638; x_wconf 79' lang='lat' dir='ltr'>regrmt,</span> <span class='ocrx_word' id='word_1_169' title='bbox 847 2580 906 2620; x_wconf 85' lang='lat' dir='ltr'>me·</span> 
     </span>
     <span class='ocr_line' id='line_1_25' title="bbox 118 2655 906 2734; baseline -0.004 -16"><span class='ocrx_word' id='word_1_170' title='bbox 118 2655 241 2718; x_wconf 87' lang='lat' dir='ltr'>moriam</span> <span class='ocrx_word' id='word_1_171' title='bbox 254 2656 345 2715; x_wconf 86' lang='lat' dir='ltr'>nostri</span> <span class='ocrx_word' id='word_1_172' title='bbox 363 2657 412 2734; x_wconf 93' lang='lat' dir='ltr'>pie</span> <span class='ocrx_word' id='word_1_173' title='bbox 426 2655 617 2733; x_wconf 83' lang='lat' dir='ltr'>inviolateque</span> <span class='ocrx_word' id='word_1_174' title='bbox 630 2657 807 2716; x_wconf 83' lang='lat' dir='ltr'>servabitis.’&#39;</span> <span class='ocrx_word' id='word_1_175' title='bbox 849 2656 906 2734; x_wconf 85' lang='lat' dir='ltr'>Gy·</span> 
     </span>
     <span class='ocr_line' id='line_1_26' title="bbox 118 2752 951 2836; baseline -0.002 -22"><span class='ocrx_word' id='word_1_176' title='bbox 118 2773 169 2814; x_wconf 85' lang='lat' dir='ltr'>rus</span> <span class='ocrx_word' id='word_1_177' title='bbox 183 2753 298 2830; x_wconf 88' lang='lat' dir='ltr'>quidem</span> <span class='ocrx_word' id='word_1_178' title='bbox 312 2754 374 2813; x_wconf 74' lang='lat' dir='ltr'>heo</span> <span class='ocrx_word' id='word_1_179' title='bbox 387 2752 523 2812; x_wconf 85' lang='lat' dir='ltr'>moriens.</span> <span class='ocrx_word' id='word_1_180' title='bbox 564 2753 628 2813; x_wconf 87' lang='lat' dir='ltr'>Nos</span> <span class='ocrx_word' id='word_1_181' title='bbox 640 2754 677 2834; x_wconf 82' lang='lat' dir='ltr'>(si</span> <span class='ocrx_word' id='word_1_182' title='bbox 687 2752 796 2836; x_wconf 81' lang='lat' dir='ltr'>placet)</span> <span class='ocrx_word' id='word_1_183' title='bbox 807 2764 906 2814; x_wconf 88' lang='lat' dir='ltr'>nostra</span> <span class='ocrx_word' id='word_1_184' title='bbox 918 2760 951 2812; x_wconf 69' lang='lat'>25</span> 
     </span>
     <span class='ocr_line' id='line_1_27' title="bbox 119 2849 277 2912; baseline -0.013 0"><span class='ocrx_word' id='word_1_185' title='bbox 119 2849 277 2912; x_wconf 83' lang='lat' dir='ltr'>rideamus.</span> 
     </span>
    </p>
   </div>
   <div class='ocr_carea' id='block_1_6' title="bbox 161 3034 906 3123">
    <p class='ocr_par' dir='ltr' id='par_1_8' title="bbox 161 3034 906 3123">
     <span class='ocr_line' id='line_1_28' title="bbox 161 3034 906 3123; baseline 0.009 -24"><span class='ocrx_word' id='word_1_186' title='bbox 161 3034 290 3104; x_wconf 51' lang='grc' dir='ltr'>ΜΠ(</span> <span class='ocrx_word' id='word_1_187' title='bbox 319 3042 415 3104; x_wconf 86' lang='lat' dir='ltr'>Nemo</span> <span class='ocrx_word' id='word_1_188' title='bbox 430 3061 556 3122; x_wconf 81' lang='lat' dir='ltr'>unquam</span> <span class='ocrx_word' id='word_1_189' title='bbox 569 3043 652 3118; x_wconf 84' lang='lat' dir='ltr'>mihi,</span> <span class='ocrx_word' id='word_1_190' title='bbox 666 3043 779 3121; x_wconf 76' lang='lat' dir='ltr'>Scipio,</span> <span class='ocrx_word' id='word_1_191' title='bbox 789 3063 906 3123; x_wconf 80' lang='lat' dir='ltr'>persua·</span> 
     </span>
    </p>
   </div>
   <div class='ocr_carea' id='block_1_7' title="bbox 0 0 1099 3532">
    <p class='ocr_par' dir='ltr' id='par_1_9' title="bbox 0 0 1099 3532">
     <span class='ocr_line' id='line_1_29' title="bbox 0 0 1099 3532; baseline 0 0"><span class='ocrx_word' id='word_1_192' title='bbox 0 0 1099 3532; x_wconf 95' lang='lat' dir='ltr'> </span> 
     </span>
    </p>
   </div>
  </div>
 </body>
</html>
