2186 3532
356 262 401 310 m:
419 258 639 312 sesamum·
890 249 932 310 et

94 412 154 471 ium
176 422 259 471 etate
279 412 424 490 progressi
445 411 678 485 adolescentiam,
698 411 822 471 debeam
842 430 885 472 re-

94 509 218 585 quirere.
272 508 384 567 Cursus
404 518 448 567 est
468 519 565 567 certus
589 510 690 582 retatis,
711 519 741 568 et
760 528 818 568 una
837 509 885 567 rit

82 617 215 679 urturae,
244 625 336 682 eaque
369 606 507 682 simplex:
542 626 651 682 suaque
678 607 783 682 cuique
808 608 884 684 parti

95 705 189 761 {etatis
208 702 422 811 tempestivitas
434 713 479 761 est
497 703 582 774 datr,
616 712 649 760 ut
676 712 706 760 et
734 702 885 760 infirmitas

94 818 261 877 puerorum,
275 810 311 871 et,
324 768 481 858 ferocitas
470 818 619 876 Juvenum,
633 811 662 858 et
683 799 808 876 gravitas
824 800 916 877 ja'ms

96 897 257 954 constantis
277 896 378 969 atatis,
399 908 429 954 et
449 896 606 954 senectutis
627 897 784 969 maturitas,
803 906 886 955 natu·

95 993 156 1051 mle
171 993 308 1069 quiddam
329 994 443 1067 habeat,
458 994 536 1070 qnod
556 1012 611 1052 suo
623 1002 754 1070 tempore
772 991 885 1070 percipi

96 1089 208 1149 debeat.

135 1188 267 1247 Arbitror
282 1200 310 1246 te
325 1187 435 1261 audire,
450 1188 560 1265 Scipio,
576 1187 681 1264 hospes
700 1196 768 1247 tuus
782 1187 882 1259 avitus,

95 1283 260 1362 Masipissa,
279 1305 346 1362 qun
373 1285 461 1344 faciat
488 1285 585 1356 hodie,
613 1285 773 1362 nonaginta
794 1302 885 1342 annos
900 1285 939 1335 Μ

95 1391 196 1439 natus:
218 1401 286 1439 curn
300 1382 448 1458 ingressus
468 1381 522 1439 iter
535 1381 658 1456 pedibus
672 1381 719 1452 sit,
734 1380 764 1438 in
778 1398 883 1456 equum

95 1479 216 1557 omnino
238 1497 298 1535 non
323 1477 516 1547 adscendere3
545 1495 613 1533 cum
637 1495 722 1552 equo,
746 1494 784 1532 ex
809 1495 891 1552 equo

94 1592 155 1632 non
189 1573 383 1643 descendere;
417 1571 498 1629 nullo
530 1572 633 1644 imbre,
664 1571 746 1629 nullo
779 1570 885 1649 frigore

96 1670 213 1742 adduci,
228 1680 259 1728 ut
273 1669 369 1746 capite
382 1681 483 1745 operto
498 1668 551 1739 sit;
573 1686 714 1726 summam
728 1667 758 1725 in
771 1686 809 1725 eo
821 1686 885 1725 esse

96 1768 227 1845 corporis
240 1766 402 1825 siccitatem
411 1786 419 1837 ;
441 1766 538 1841 itaque
556 1766 676 1842 exsequi
696 1765 795 1823 omnia
807 1766 884 1843 regis
901 1772 940 1823 15

95 1866 192 1925 officia
211 1874 241 1922 et
261 1883 389 1922 munera
438 1863 538 1922 Potest
558 1862 645 1940 igitur
666 1862 837 1921 exercitatio
855 1872 884 1921 et

63 1948 69 1959 ’
95 1963 294 2040 temperantia,
328 1962 415 2019 etiam
449 1961 479 2019 in
516 1969 677 2032 senectute,
712 1978 886 2018 conservare

97 2059 205 2136 aliquid
218 2058 333 2137 pristini
347 2058 470 2117 roboris,

135 2254 190 2313 XI.
231 2253 302 2311 Non
322 2252 433 2311 suntin
447 2260 597 2308 senectute
610 2250 707 2309 rirest
726 2250 774 2308 Ne
787 2260 872 2326 postu

95 2351 191 2410 lentur
205 2350 321 2427 quidem
335 2348 411 2406 vires
432 2368 449 2406 a
468 2357 626 2405 senectute.
667 2347 756 2425 Ergo,
771 2356 801 2405 et
813 2345 930 2423 legi-pu

96 2449 151 2506 bus
164 2457 194 2505 et
207 2446 355 2518 institutis,
366 2453 450 2502 vacat
463 2452 532 2501 atas
545 2453 644 2501 nostra
656 2444 824 2502 muneribus
837 2443 881 2514 iis,

97 2563 163 2620 quse
183 2562 242 2600 uon
261 2552 383 2620 possunt
403 2541 466 2598 sine
486 2540 595 2598 viribus
614 2540 765 2599 sustiueri:
787 2540 884 2615 itaque

95 2658 158 2700 non
171 2639 268 2712 modo,
282 2639 359 2715 quod
373 2657 433 2696 non
452 2656 614 2714 possumus,
629 2637 679 2696 sed
694 2656 731 2695 ne
744 2645 883 2711 quantum
901 2644 902 2647 ’

95 2755 249 2816 possumus
262 2736 388 2812 quidem,
403 2735 543 2816 cogimur.

137 2833 179 2891 At
199 2831 240 2889 ita
258 2831 340 2889 malti
359 2840 427 2890 sunt
447 2830 585 2889 imbecilli
605 2848 699 2900 serres,
721 2838 752 2886 ut
773 2827 882 2885 nullum
897 2845 929 2896 25

97 2929 186 2989 officii
208 2937 258 2986 aut
277 2927 396 2985 omnino
415 2927 481 2985 vitre
500 2945 605 2985 munus
624 2924 741 3000 exsequi
762 2922 880 2999 possint.

98 3028 139 3087 Ar
172 3028 201 3086 id
229 3024 345 3101 quidem
379 3043 438 3082 non
470 3023 617 3101 proprium
651 3020 807 3080 senectutis
839 3031 884 3079 est

331 3120 354 3179 3
