2186 3532
271 296 274 301 «
387 266 655 349 pessumum
924 256 963 318 θ

131 417 291 496 appellant:
321 426 384 475 tum
412 415 574 473 conditiora
600 402 670 473 lacit
696 413 759 472 hare
783 432 915 491 superra-

131 515 215 575 oanei
229 514 317 573 etiarn
330 512 425 590 operis
440 511 595 589 anonpium
616 522 700 588 atque
712 510 835 571 venatio.

168 611 253 674 Quid
279 610 316 667 de
342 619 488 687 pratorum
514 607 669 679 viriditate,
696 617 746 666 aut
780 608 913 666 arborum

131 708 291 780 ordinibus,
313 717 362 765 aut
381 706 529 765 vinearum
554 705 783 782 olivetornmque
806 704 915 781 specie,

131 805 250 863 dioarnl
290 803 376 863 Brevi
387 802 551 881 praecidam.
592 803 674 880 Agru
695 802 769 860 bene
782 802 860 861 culto
873 802 913 859 nil
929 805 946 859 b

130 911 226 981 potest
245 919 317 974 esse,
338 919 394 959 neo
414 918 469 958 nan
487 899 615 971 uberius,
629 917 687 957 neo
709 897 808 975 specie
831 917 914 957 orna·

129 998 205 1069 tius3
220 998 256 1055 ad
265 1017 350 1074 quom
364 996 526 1069 fruendum,
538 1014 597 1054 non
611 995 698 1053 modo
708 1014 768 1053 non
777 994 914 1069 retardat,

130 1113 230 1153 verunt
242 1095 329 1153 etiam
343 1093 444 1152 inritat
455 1103 540 1170 atque
551 1092 666 1151 allectat
673 1101 816 1150 senectus
855 1089 914 1149 Ubi

129 1192 208 1250 enim
220 1202 315 1270 potest
329 1191 379 1250 illu
387 1201 457 1249 ustas
465 1200 514 1249 eut
524 1188 670 1248 oulesoere
679 1188 723 1247 rel
735 1187 914 1265 apricatione

129 1289 233 1347 melius
260 1288 304 1348 vel
331 1287 409 1367 igni,
432 1297 481 1346 ant
507 1287 634 1344 vioissiru
660 1286 769 1344 umbris
796 1285 912 1361 aquisve
929 1287 960 1341 lb

128 1385 293 1463 refrigerari
306 1385 469 1443 salubriusi
510 1383 574 1441 Sibi
588 1382 676 1460 igion
684 1382 811 1441 habeant
825 1400 913 1452 arma,

129 1482 186 1540 sibi
205 1500 305 1558 equos,
325 1479 383 1538 sibi
403 1480 509 1551 bastae,
529 1478 585 1537 sibi
605 1478 726 1551 elusam,
746 1477 913 1553 sihipilam,

130 1578 187 1636 sibi
213 1576 375 1643 notationes
401 1586 431 1633 et
456 1593 575 1633 oureus:
608 1573 693 1632 nobis
725 1572 851 1646 senibus,
879 1591 915 1630 ex

129 1673 291 1733 lusionibus
311 1671 418 1745 multis,
438 1671 514 1729 talos
532 1669 705 1746 relinquant,
726 1680 755 1728 et
774 1679 913 1728 tesseras:

130 1770 255 1847 idipsum
285 1766 408 1850 [utrum]
436 1766 563 1838 lubebit3
597 1767 742 1845 quoniam,
770 1765 832 1826 sine
859 1765 959 1840 bis,15

129 1867 216 1926 beata
228 1885 292 1925 esse
305 1874 440 1924 sensatus
458 1874 562 1944 potest

168 2059 268 2118 XVII.
309 2057 419 2117 Multas
440 2058 475 2117 ad
495 2077 541 2116 res
560 2057 697 2134 perutiles
711 2056 913 2135 Xenophontis

129 2155 195 2215 libri
222 2167 303 2214 sunt:
338 2174 410 2232 quus
442 2154 540 2234 legito,
567 2173 674 2231 queso,
708 2154 846 2228 studiose,
881 2163 914 2211 ut
1014 2207 1017 2212 .

127 2253 233 2312 facitis.
272 2252 373 2316 Quam
388 2252 506 2329 eopiosa
521 2253 558 2310 ab
578 2270 615 2309 eo
629 2251 804 2330 agricultura
816 2250 914 2329 landa·

129 2360 176 2409 tur
197 2350 227 2408 in
246 2369 282 2408 eo
302 2350 386 2422 libro,
406 2349 456 2425 qui
476 2359 520 2407 est
540 2348 577 2406 de
596 2348 706 2407 tuendi
724 2367 757 2429 re
769 2346 912 2419 familiari,
927 2341 959 2393 ⁹⁰

130 2447 179 2525 qui
213 2445 483 2507 “OEoonomious”
518 2445 701 2521 inspribiturl
741 2445 849 2520 Atque,
881 2455 914 2501 ut

130 2544 306 2621 intelligatis,
334 2543 406 2602 nihil
434 2543 462 2602 ei
488 2554 548 2601 tum
580 2543 678 2621 regalo
703 2541 794 2600 videri
827 2558 914 2617 quarn

130 2639 256 2698 studium
290 2639 352 2719 ngri
385 2639 510 2713 oolendi,
544 2639 713 2699 Socratos'
706 2658 736 2699 nr
770 2657 806 2697 oo
820 2637 914 2743 libro

130 2735 257 2812 loquitur
270 2756 337 2795 enm
351 2736 504 2795 Critobulo
506 2736 636 2813 ,Cyrum
650 2736 800 2807 minorem,
815 2702 931 2843 iegein

97 2810 293 2906 ‘Persarum
318 2844 501 2910 prestantem
529 2832 648 2912 ingenio
683 2842 768 2907 etque
800 2830 913 2907 imperii
905 2821 959 2874 2⁵

130 2929 233 3011 gloria,
254 2948 321 2987 oum
341 2929 488 3006 Lysander
507 2927 757 3000 Lacedaemonius,
778 2926 820 2986 vir
839 2946 915 2986 surn-

129 3046 184 3085 moe
198 3025 321 3100 virtutis,
335 3026 462 3085 venisset
477 3026 513 3084 ad
526 3045 593 3084 eum
615 3024 765 3098 Sardis,
740 3043 824 3102 elque
838 3024 915 3084 dona
