2178 3526
111 244 115 251 ·
149 233 193 307 Μ
355 245 493 303 usurus,
509 245 583 293 srvn
603 245 647 295 na
665 244 828 297 aurorum,

198 413 258 453 non
266 394 359 452 solum
370 394 504 454 amicitiae
513 394 660 474 depositae,
670 395 722 454 sed
731 393 890 453 inimicitie
900 396 988 459 etiam
1032 384 1036 391 ’

197 501 349 567 susceptae,
376 491 535 551 videantur.
587 491 669 551 Nihil
694 491 772 550 enim
798 502 842 549 est
864 491 987 568 turpius,

196 608 364 664 quamcum
379 609 414 646 eo
429 590 535 648 bellum
551 608 663 669 gerere,
677 589 794 667 quicum
810 588 988 647 familiariter

198 685 310 746 vixeris.
351 687 400 761 Ab
421 687 550 747 amicitiis
562 687 602 749 Q.
617 686 759 765 Pompeii,
773 706 839 745 meo
859 686 987 761 nomine,

163 800 230 851 sss
250 795 409 843 removerat
430 782 477 863 (ut
497 784 592 866 scitis)
608 784 728 861 Scipio:
749 794 865 861 propter
880 785 989 842 dissen-

197 878 310 939 sionem
334 892 439 954 autem,
458 901 520 959 quae
538 892 599 940 erat
622 882 651 940 in
672 881 832 959 republical,
848 878 989 939 alienatus

198 990 268 1038 esta
282 978 394 1057 collegi
407 990 503 1037 nostro
513 978 641 1039 Metello.
682 978 842 1055 Utrumque
856 977 917 1056 egit
924 997 989 1056 gra·

197 1076 278 1148 viter,
291 1077 472 1150 auctoritate,
481 1087 510 1135 et
523 1076 682 1135 offensione
697 1076 785 1135 animi
798 1095 857 1135 non
873 1074 986 1134 acerbi

126 1140 203 1340 {os
235 1173 446 1248 Quamobrem,
459 1173 582 1252 primum
604 1173 699 1233 danda
718 1192 806 1251 opera
825 1183 879 1247 est,
893 1191 990 1249 nequa

199 1271 356 1330 amicorum
367 1272 486 1330 dissidia
496 1272 582 1331 fiant:
603 1272 649 1330 siu
659 1270 716 1330 tale
731 1271 837 1347 aliquid
849 1270 987 1344 evenerit,

197 1377 229 1427 ut
242 1368 390 1428 exstinctae
404 1370 499 1446 potius
510 1368 654 1441 amicitiae,
663 1387 750 1446 quam
760 1387 913 1446 oppresse,
922 1386 988 1426 esse

196 1466 355 1528 videantur.
404 1466 573 1526 Cavendum
602 1485 670 1525 vero
696 1476 750 1540 est,
776 1485 814 1524 ne
841 1465 927 1524 etiam
956 1464 988 1525 iu

194 1583 297 1643 graves
311 1563 478 1625 inimicitias
492 1575 661 1624 convertant
675 1583 708 1622 se
722 1562 874 1623 amicitiae:
895 1561 989 1641 equi·

196 1662 250 1721 bus
273 1662 379 1742 jurgia,
407 1662 571 1735 maledicta,
598 1661 790 1733 contumelias,
811 1660 987 1739 gignantur:

150 1766 181 1816 15
194 1778 257 1836 quae
271 1769 382 1831 tamen,
392 1758 417 1816 si
431 1758 595 1817 tolerabiles
609 1768 703 1830 erunt,
715 1757 839 1837 serendo
852 1769 936 1817 sunt:
959 1767 989 1816 et

194 1855 244 1914 hic
258 1855 350 1913 honos
364 1854 453 1913 veteri
474 1854 607 1913 amicitie
621 1855 791 1913 tribuendus
804 1865 858 1929 est,
872 1866 904 1914 ut
918 1856 942 1913 is
955 1854 988 1913 in

196 1951 282 2029 culpi
306 1951 344 2010 sit
357 1951 406 2027 qui
429 1951 525 2024 faciat,
539 1971 599 2011 non
614 1952 663 2029 qui
681 1952 817 2029 patiatur,
841 1951 987 2030 injurium.

195 2047 325 2106 Omnino
345 2048 473 2108 omnium
494 2048 597 2107 lror'um
622 2048 758 2107 vitiorum
779 2060 864 2126 atque
878 2034 989 2109 incom-

195 2144 347 2205 modorum
370 2165 429 2204 una
441 2146 540 2205 cautio
554 2155 608 2220 est,
623 2157 708 2224 utque
728 2166 786 2205 una
805 2145 941 2223 provisio,
956 2155 989 2205 ut

149 2261 182 2312 20
197 2262 234 2303 ne
261 2243 348 2303 nimis
375 2242 434 2302 cito
458 2243 579 2322 diligere
610 2242 793 2321 incipiamus,
820 2262 893 2302 neve
926 2262 988 2304 non

197 2339 311 2419 dignos.

236 2437 327 2516 Digni
338 2448 434 2496 autern
447 2447 515 2497 suut
525 2436 664 2510 amicitiis,
674 2437 778 2513 quibus
788 2436 819 2495 in
833 2436 902 2514 ipsis
913 2422 990 2497 inest

197 2553 295 2608 causa,
310 2554 361 2594 cur
375 2535 540 2613 diligantur.
581 2534 694 2594 Rerum
708 2553 800 2613 genus
815 2534 990 2611 (etquidem

197 2632 296 2692 omniu
315 2632 455 2710 preclara
471 2633 568 2712 rara);
589 2650 646 2690 nec
663 2631 817 2709 quidquam
831 2631 989 2704 difficilius,

151 2738 184 2789 25
198 2748 284 2807 quam
303 2729 439 2806 reperire,
462 2728 540 2806 quod
563 2728 602 2787 sit
624 2728 704 2787 omni
727 2747 764 2787 ex
781 2738 863 2806 parte
884 2728 914 2787 in
934 2747 990 2787 suo

197 2844 305 2905 genere
322 2826 491 2903 perfectum.
532 2826 591 2884 Sed
607 2826 736 2902 plerique
749 2844 844 2903 neque
857 2824 889 2885 in
902 2827 991 2885 rebus

198 2923 331 2983 humanis
341 2923 496 3000 quidquam
505 2923 612 2984 bonum
626 2921 743 2995 norunt,
753 2922 810 2980 nisi
822 2923 899 2999 quod
913 2922 993 2982 fruo-

199 3029 313 3081 tuosum
340 3021 394 3093 sit;
423 3031 453 3080 et
480 3020 600 3095 amicos,
622 3030 758 3096 tunquam
780 3020 917 3099 pecudes,
937 3038 993 3103 eqs
