2178 3526
85 314 89 339 Ι
149 250 191 312 88
353 260 490 322 aaaron,
508 262 582 309 srva
606 263 650 309 nu
669 258 829 310 uurcmt.

197 420 315 488 tepcnat
338 412 413 469 suoi
451 410 555 473 Quidt
586 412 649 469 haec
676 421 708 470 ut
733 411 873 483 omittam,
900 426 986 487 qutnr

198 526 308 585 graves,
331 527 416 584 quam
445 508 587 580 difficiles,
612 508 755 584 plerisque
781 507 912 567 videntur
938 526 988 565 ca·

196 602 357 664 lamitatum
382 605 553 662 societates!
589 605 624 662 ad
647 624 728 681 quas,
751 623 810 662 non
833 614 877 662 est
900 604 986 663 facile

191 700 325 775 inventu,
367 702 416 778 qui
448 701 613 759 descendat.
657 700 833 777 Quanquam
872 700 986 759 Ennius

166 807 296 856 tracte:

302 897 317 923 ‘⁴
327 893 432 942 Amicus
442 898 525 941 certus
536 892 563 941 iu
574 908 600 940 re
611 892 706 942 incerte
717 892 828 941 cernitur
835 892 860 940 :”

196 1002 293 1051 tamen
308 993 369 1050 haec
384 992 441 1049 duo
454 992 579 1050 levitatis
593 1002 623 1050 et
641 991 813 1050 infirmitatis
832 991 985 1068 plerosque

197 1090 387 1159 convincunt3
411 1098 460 1146 aut
481 1088 555 1146 siin
577 1089 662 1147 bonis
682 1090 769 1147 rebus
786 1098 983 1162 contemnunt,

198 1195 246 1243 aut
260 1186 289 1243 iu
303 1185 385 1243 malis
399 1184 543 1244 deserunt.

151 1387 183 1438 1⁰
204 1402 208 1415 ¹
235 1377 349 1438 XVIII.
376 1378 439 1441 Qui
455 1378 543 1458 igitur
555 1380 676 1455 utruque
690 1379 719 1437 in
733 1398 765 1437 re
778 1398 904 1457 gravem,
916 1397 985 1437 con·
1084 1362 1085 1427 l

196 1484 329 1548 stantem,
344 1477 474 1534 stabilem
488 1496 519 1534 ae
533 1477 562 1535 in
578 1476 704 1534 amicitiai
717 1476 889 1552 proestiterit,
905 1476 984 1534 hunc

196 1572 365 1633 anmaximc
378 1591 444 1631 raro
463 1573 611 1632 hominum
631 1590 737 1650 genere
754 1572 885 1649 judicare
899 1573 986 1631 debc-

196 1687 270 1741 mus,
283 1679 313 1727 et
325 1688 408 1746 paene
420 1669 528 1729 divino.

236 1764 461 1823 Firmamentum
477 1774 571 1823 autem
586 1764 748 1823 stabilitatis
758 1767 984 1841 constantiaque

150 1872 182 1923 15
195 1860 268 1936 ejus,
282 1879 367 1935 quam
381 1860 411 1918 in
423 1861 550 1919 amicitit
560 1861 722 1937 querimus,
734 1862 805 1919 tides
818 1873 868 1921 est.
899 1861 984 1921 Nihil

197 1955 274 2013 enim
293 1956 396 2014 stabile
416 1967 470 2029 est,
485 1957 561 2033 quod
580 1956 701 2015 infidum
720 1967 772 2016 eat.
814 1957 983 2035 Simplicem

195 2061 343 2129 praeterea,
362 2063 392 2111 et
412 2071 605 2126 communem,
625 2064 655 2111 et
672 2055 913 2127 consentientem,
932 2055 983 2131 qui
1084 2074 1085 2133 ᾗ

196 2149 282 2207 rebus
296 2149 397 2207 iisdem
411 2159 568 2222 moveatur,
579 2150 648 2228 eligi
661 2170 712 2227 par
726 2161 786 2209 est:
808 2171 871 2226 que
884 2152 983 2210 omnia

195 2246 340 2323 pertinent
352 2246 386 2304 ad
398 2245 581 2306 fidelitatem:
599 2266 692 2323 neque
703 2247 780 2305 enim
790 2248 878 2305 fidum
888 2258 983 2323 potent

148 2351 181 2403 2⁰
194 2360 260 2400 case
280 2342 428 2418 multiplex
451 2342 609 2419 ingenium,
633 2353 663 2400 et
682 2352 861 2402 tortuosum:
887 2363 982 2419 neque

194 2456 273 2509 vero,
288 2436 336 2513 qui
357 2456 416 2495 non
438 2437 540 2495 iisdem
562 2439 647 2495 rebus
669 2448 807 2510 movetur,
828 2448 857 2495 et
877 2439 982 2497 naturl

196 2532 348 2605 consentit,
364 2542 412 2590 aut
425 2533 499 2591 lidus
514 2543 562 2591 aut
575 2534 685 2592 stabilia
695 2544 789 2610 potest
802 2553 873 2593 esse.

234 2629 408 2687 Addendum
432 2629 609 2702 eodem'cst,
630 2640 662 2688 ut
685 2650 723 2688 ne
744 2631 913 2689 criminibus
932 2641 982 2690 aut

195 2726 352 2785 inferendis
377 2725 545 2799 delectetur,
569 2737 618 2784 aut
643 2727 743 2785 credat
765 2728 885 2789 oblatis:
917 2746 980 2804 qum
1083 2720 1085 2745 ¹

147 2825 179 2880 25
194 2822 293 2880 omnia
300 2823 444 2898 pertinent
459 2822 581 2894 adeam,
596 2842 681 2898 quam
694 2822 862 2900 jamdudum
876 2833 980 2896 tracto,
1072 2894 1075 2901 Ι

194 2918 393 2976 constantium.
442 2917 488 2976 Ita
509 2918 541 2976 fit
567 2937 666 2977 verum
690 2919 771 2990 illud,
798 2920 872 2997 quod
897 2914 982 2978 initio
1084 2918 1085 2921 ’

192 3013 263 3086 diri,
277 3013 443 3088 amicitiam,
457 3014 601 3075 nisiinter
615 3016 716 3088 bonos,
731 3034 797 3089 esce,
813 3035 872 3074 non
884 3035 980 3092 pocae.
