2186 3532
30 470 38 509 i

117 240 139 303 8
408 253 497 302 caro
519 252 637 312 uaros,
660 251 723 302 suu
843 324 861 371 l

163 400 242 460 enim
255 420 354 475 onere,
368 400 446 479 quod
459 398 531 462 mihi
545 413 643 462 tecum
656 420 810 461 commune
829 410 883 478 est,
898 411 948 463 aut

167 499 228 577 jam
249 497 388 576 urgentis,
411 507 460 558 aut
482 502 567 557 certe¹
581 497 760 558 adventantis
779 498 946 574 senectutis,

163 604 193 653 et
205 605 245 668 te,
260 604 289 653 et
301 595 444 673 meipsum
456 594 545 654 levari
559 595 643 654 volo:
664 594 719 653 etsi
736 605 765 654 te
779 594 896 671 quidem
916 592 947 655 id

163 691 277 750 modice
297 711 331 749 ac
348 692 502 769 sapienter,
518 690 608 771 (sicut
626 691 748 773 omnia)
769 702 799 751 et
818 691 903 767 ferre,
918 700 948 751 et

133 788 287 864 uicturum
315 806 388 863 esse,
416 798 498 849 certo
517 788 589 850 scio.
630 787 690 849 Sed
709 788 791 862 mihi,
815 807 884 849 cum
910 788 948 849 de

163 885 321 943 Senectute
336 884 443 962 aliquid
457 885 558 943 vellem
576 884 714 975 scribere,
728 894 760 943 tu
773 885 947 944 occurrebas

162 981 268 1060 dignus
287 1001 323 1040 eo
343 1001 473 1055 munere,
494 1001 553 1059 quo
576 992 696 1059 uterque
719 982 849 1042 nostrrim
869 1000 948 1041 corn·

162 1079 287 1138 munitet
313 1089 450 1141 uteretur.
505 1078 582 1138 Mihi
608 1079 725 1157 quidem
752 1078 793 1138 ita
814 1078 948 1157 jucunda

162 1174 248 1253 hujus
267 1175 333 1234 libri
354 1174 500 1234 confectio
520 1175 584 1249 fuit,
605 1186 638 1234 ut
660 1194 719 1234 nou
739 1175 826 1235 modo
846 1193 947 1236 omnes

118 1283 149 1334 10
164 1271 328 1331 absterserit
360 1271 518 1331 senectutis
551 1270 707 1345 molestias,
734 1272 785 1330 sed
818 1270 947 1331 effecerit

163 1367 279 1427 mollem
299 1369 387 1427 etiam
407 1380 437 1428 et
453 1369 613 1447 jucundam
633 1377 822 1429 senectutem.
863 1368 947 1428 Nnn·
1014 1380 1018 1388 ‘

162 1484 248 1542 quam
269 1465 356 1544 igitur
376 1465 446 1524 satis
464 1464 576 1524 iaudsri
592 1464 680 1543 digne
696 1463 803 1543 poterit
821 1464 947 1544 philoso-

161 1563 240 1641 phia,
262 1563 310 1621 cui
332 1562 381 1639 qui
399 1572 509 1641 pareat,
530 1581 616 1620 omne
637 1572 751 1640 tempus
772 1561 863 1620 aetatis
882 1561 946 1621 sine

162 1659 294 1717 molestiis
306 1661 397 1736 possit
417 1659 530 1739 degere.
572 1658 630 1717 Sed
650 1658 686 1717 de
700 1658 813 1717 crateris
832 1668 862 1717 et
875 1657 946 1716 dixi·

118 1765 149 1813 15
163 1775 227 1814 mus
246 1757 346 1829 multa,
367 1765 396 1814 et
416 1774 491 1833 saepe
512 1755 660 1814 dicemus:
684 1755 763 1814 hunc
783 1755 889 1814 librum
909 1754 945 1814 de

162 1861 312 1910 senectute
333 1851 368 1910 ad
388 1861 417 1910 te
437 1851 576 1910 misimus.

201 1946 327 2005 Omnem
361 1958 457 2006 autem
494 1966 657 2007 sermonem
696 1947 849 2008 tribuimus
886 1967 945 2009 nou

162 2043 303 2116 Tithono,
334 2054 367 2102 ut
395 2044 496 2103 Aristo
527 2044 630 2118 Chius,
658 2043 709 2123 (ne
738 2065 840 2123 parum
869 2056 946 2105 esset

163 2140 342 2200 auctoritatis
369 2140 399 2199 iu
428 2140 550 2223 sabuli),
588 2141 638 2199 sed
667 2140 709 2201 M.
737 2142 843 2202 Catoni
871 2142 944 2217 seni,

82 2223 85 2229 ⁴
115 2253 147 2305 ω
162 2255 219 2314 quo
240 2235 377 2314 majorem
391 2236 591 2295 auctoritatem
605 2236 724 2295 haberet
737 2238 846 2309 oratio;
869 2237 945 2316 apud

160 2352 246 2410 quem
259 2332 381 2392 Laeiium
395 2343 424 2392 et
438 2333 606 2411 Scipionem
624 2334 746 2393 facimus
761 2334 944 2410 admirantes,

160 2430 238 2507 quod
258 2429 283 2489 is
299 2441 358 2489 tam
378 2430 463 2490 facile
477 2441 656 2490 senectutem
674 2431 756 2505 ferat,
771 2431 864 2508 iisque
877 2451 945 2492 eum

159 2526 396 2604 respondentem:
427 2525 491 2590 Qui
515 2527 540 2586 si
563 2526 703 2586 emditius
727 2526 869 2586 videbitur
889 2528 946 2588 dis·

158 2634 271 2701 putare,
289 2642 375 2700 quam
390 2623 540 2683 consuevit
553 2623 615 2701 ipse
631 2622 661 2682 in
682 2623 742 2682 suis
757 2623 849 2697 libris,
868 2625 946 2684 attri-

113 2735 147 2787 25
159 2721 241 2780 buito
254 2720 366 2781 Grecis
378 2720 479 2796 literis,
494 2741 615 2798 quarum
628 2730 743 2780 constat
755 2740 822 2779 eum
835 2733 946 2800 perstu-

159 2815 273 2876 diosum
293 2816 382 2877 fuisse
396 2817 425 2876 in
446 2827 603 2876 senectute.
645 2816 705 2876 Sed
725 2815 795 2894 quid
815 2835 888 2897 opus
901 2827 945 2877 est

158 2913 271 2992 plurab
278 2912 338 2992 jam
351 2913 429 2972 enim
443 2912 533 2991 ipsius
547 2913 668 2972 Catonis
681 2932 776 2973 sermo
789 2912 945 2994 explicabit

158 3018 287 3070 nostram
301 3029 417 3069 omnem
430 3010 467 3069 de
481 3019 631 3070 senectute
644 3009 825 3071 sententiam.

1088 544 1090 589 t

1087 610 1090 683 i
