2186 3532
151 239 196 315 bb
355 262 497 333 braama,
515 272 589 320 srva
610 264 829 320 unsrncrni.

197 436 278 476 arem
294 419 381 478 fuisse
394 420 450 499 (sic
471 441 489 481 a
509 422 638 499 patribus
660 420 849 500 accepimus),
867 418 913 477 bis
926 411 985 477 unl

201 517 343 589 consules,
357 527 386 575 et
400 518 525 596 collegas
539 519 569 575 in
583 518 723 576 censuri:
743 527 804 574 tum
818 525 924 574 etcum
938 515 985 588 iis,

201 623 230 671 et
241 613 314 671 inter
328 633 369 687 se,
390 614 642 691 conjunctissimos
655 614 743 671 fuisse
757 611 799 670 Μ’
814 612 936 670 Curium
955 620 986 670 et

201 708 251 770 Ti.
265 710 492 783 Coruncanium,
513 710 658 769 memoris
677 709 821 787 proditum
836 718 887 766 est.
928 707 986 786 Igi-

164 797 187 864 ³5
201 816 247 865 tur
270 824 308 865 nc
329 808 468 884 suspicari
489 807 603 884 quidem
629 826 790 884 possumus,
813 822 985 882 quemquam

202 903 304 962 horum
332 905 367 962 ab
395 905 488 963 amico
514 904 661 981 quidpiam
687 903 880 975 contendisse,
907 901 984 979 quod

202 1010 304 1058 contra
321 999 416 1072 fidem,
438 1011 539 1058 contra
558 999 768 1077 jusjurandum,
792 1008 894 1056 contra
913 1017 986 1056 rern-

200 1096 347 1172 publicam
370 1106 454 1155 csset.
495 1096 573 1154 Nam
598 1097 655 1154 hoc
680 1096 796 1173 quidem
823 1093 853 1153 iu
879 1095 985 1153 talibus

200 1192 269 1250 viris
287 1192 355 1268 quid
377 1192 478 1251 attinet
496 1193 602 1266 dicere,
624 1193 686 1251 “Si
700 1191 904 1263 contendisset,
925 1190 986 1250 scio

146 1280 186 1348 ‘10
201 1287 416 1365 impetraturum
436 1309 495 1348 non
516 1290 653 1349 suissei''
675 1309 741 1347 cum
755 1286 797 1347 illi
811 1287 985 1347 sanctissimi

199 1384 253 1444 viri
267 1370 390 1457 suerint;
413 1406 492 1463 aequs
507 1398 601 1445 autern
615 1387 696 1445 nefas
706 1387 753 1459 sit,
766 1386 826 1443 tsle
835 1384 941 1461 aliquid
955 1394 985 1442 et

200 1481 295 1540 facere
316 1493 459 1561 rogatum,
477 1493 506 1541 et
525 1503 636 1561 rogare.
680 1483 721 1540 At
741 1500 810 1539 vero
827 1480 875 1539 Ti.
894 1481 985 1539 Grec·

191 1579 287 1637 ‘chum
306 1580 497 1656 sequebantur
512 1581 546 1639 C.
562 1581 669 1652 Carbo,
687 1579 722 1638 Ο.
737 1577 821 1650 Cato,
843 1587 871 1635 ct
888 1574 985 1654 [mini-

199 1677 276 1758 mus]
291 1686 352 1733 turn
365 1677 481 1753 quidem
495 1677 585 1735 Caius
599 1677 695 1748 frater,
715 1694 794 1733 nuuc
815 1674 890 1732 idem
907 1690 985 1731 acer·
1064 1668 1069 1675 “

145 1776 186 1828 '15
199 1771 295 1830 rimus.

238 1961 307 2021 XII.
349 1963 423 2023 Haec
437 1964 524 2044 igitur
537 1966 584 2023 lex
597 1965 628 2023 iu
643 1965 771 2024 amicitib
781 1963 936 2035 sauciatur,
951 1971 984 2021 ut

199 2077 293 2141 neque
306 2079 439 2138 rogemus
452 2080 498 2118 res
513 2071 620 2136 turpes,
642 2079 698 2118 nec
720 2060 860 2118 faciamus
879 2057 983 2136 rogati.

196 2153 308 2232 Turpis
322 2156 398 2213 eninr
413 2157 560 2214 excusatio
574 2167 627 2229 est,
638 2167 667 2215 st
675 2157 794 2215 minime
803 2154 984 2232 accipienda,

142 2242 154 2259 ⁹
200 2271 266 2309 curn
283 2252 312 2310 in
326 2254 437 2311 caeteris
449 2254 588 2329 pcccatis,
606 2263 666 2312 tum
681 2254 706 2310 si
719 2253 784 2330 quis
797 2262 899 2310 contrs
911 2268 986 2308 rem·

153 2358 185 2411 2⁰
198 2349 343 2425 publicam
366 2368 397 2406 se
419 2350 504 2407 surici
525 2351 613 2407 causis
627 2350 731 2407 secisse
744 2349 874 2408 fateatur.
915 2346 985 2405 Etc-

199 2444 260 2502 nim
274 2463 309 2502 eo
323 2445 397 2516 loco,
418 2445 513 2503 Fanni
523 2457 553 2504 et
567 2446 707 2518 scevola,
727 2445 815 2503 locati
829 2462 937 2516 sumus,
951 2453 985 2501 ut

200 2559 254 2598 nos
267 2541 353 2618 longe
365 2542 531 2618 prospicere
551 2551 682 2619 oporteat
703 2542 812 2600 futuros
831 2559 917 2599 casus
930 2539 987 2597 rci-

198 2636 329 2712 publicae.
381 2635 507 2695 Deflcxit
528 2639 605 2695 anim
635 2638 693 2714 jsrn
717 2636 923 2713 aliquantulum
947 2633 985 2692 de

199 2733 292 2809 spatio
316 2733 517 2809 curriculoque
539 2735 717 2793 consuetudo
744 2734 892 2811 majorum.
933 2730 983 2789 Ti.

153 2830 186 2881 ὕ
198 2826 349 2886 Gracchus
358 2847 477 2907 regnum
486 2848 630 2907 occupare
638 2840 759 2888 conatus
770 2839 823 2900 cst,
831 2829 875 2888 vel
884 2846 987 2905 regna·

199 2923 240 2980 vit
253 2924 277 2980 is
290 2924 404 3000 quidem
418 2944 527 3001 paucos
546 2942 667 2984 menses.
708 2925 787 2985 Num
804 2925 872 3002 quid
891 2922 986 2982 simile

186 3018 319 3095 'populus
340 3020 491 3079 Romanus
505 3022 643 3095 audierat,
666 3032 714 3081 aut
727 3020 856 3080 viderat?
884 3018 987 3091 Hunc,
