2186 3532
144 262 201 324 {62
452 272 541 319 curo
560 272 760 333 womero

191 421 300 494 'debit
316 432 364 480 uut
379 432 489 499 putre·
502 434 585 482 tuum
605 424 737 497 Paulum,
753 434 801 482 aut
820 424 893 483 duos
913 424 993 500 aros,
1081 506 1082 513 ἵ

208 519 331 578 Psulum
345 530 374 578 et
393 520 575 594 Africanum,
592 531 641 579 aut
654 521 786 580 Africani
806 532 926 598 patrem,
943 534 993 582 aut
1081 540 1083 611 ᾖ

189 650 193 657 ·
208 624 352 692 patruum,
368 626 416 675 aut
429 617 534 675 multos
553 627 720 693 praestantes
733 618 818 690 viros,
833 637 904 694 quos
924 637 995 678 enu-
1081 680 1083 687 Α

210 730 320 770 merare
333 732 392 771 non
406 723 450 770 est
469 732 600 785 necesse,
613 724 694 772 tantu
708 733 772 772 esse
785 728 916 788 conatos,
929 735 994 792 que
1082 740 1083 749 ¹

177 818 194 866 5
210 809 245 866 ad
259 809 434 885 posteritatis
446 811 615 868 memoriam
627 810 813 887 pertinerent,
826 812 882 868 nisi
896 812 994 870 mimo

210 916 371 978 cernerent,
398 907 594 983 posteritatem
622 907 658 965 ad
684 926 715 964 se
741 908 893 984 pertinere.
943 908 994 967 An
1081 968 1083 983 ,

209 1021 312 1061 censes
326 1000 371 1080 (ut
385 1003 422 1060 de
436 1022 482 1060 me
502 1002 565 1078 ipso
586 1002 693 1079 uiiquid
712 1022 793 1061 moro
813 1023 913 1062 senum
934 1003 995 1083 glo-

209 1098 279 1179 rier)
302 1118 348 1156 me
373 1109 470 1156 tantos
496 1100 609 1158 labores
635 1098 754 1159 diurnos
779 1114 994 1178 nocturnosque
1081 1124 1083 1179 ξ

206 1194 288 1252 domi
308 1195 475 1272 militiaeque
497 1207 700 1274 suscepturum
714 1197 812 1270 fuisse,
839 1197 864 1255 si
891 1197 994 1255 iisdem
1081 1254 1083 1269 ἲ

143 1292 193 1343 :10
207 1290 320 1350 finibus
333 1292 452 1370 glorium
472 1312 576 1366 meam,
590 1294 694 1371 quibus
714 1294 810 1366 vitam,
826 1313 919 1352 essem
937 1304 995 1352 ter·
1081 1306 1082 1345 ὲ

206 1388 387 1447 minaturus?
420 1388 533 1448 Nonne
554 1390 658 1449 melius
677 1391 770 1449 multo
789 1391 900 1464 fuisset,
921 1391 995 1449 otio·

189 1492 269 1545 -sum'
283 1495 394 1544 etatem
408 1500 437 1545 et
449 1487 586 1563 quietam,
599 1488 664 1546 sine
678 1488 737 1546 ullo
756 1488 855 1545 labore
876 1497 905 1546 et
924 1506 994 1547 corr·

193 1583 347 1656 tentione,
381 1584 551 1643 traduceret
603 1584 671 1657 Sed,
705 1584 806 1642 nescio
838 1585 993 1661 quomodo,

209 1680 331 1753 animus,
365 1680 481 1758 erigens
511 1700 553 1753 se,
577 1681 774 1757 posteritatem
806 1700 918 1758 semper
951 1681 995 1740 ita

161 1774 193 1826 15
205 1775 410 1853 prospiciebat,
426 1777 518 1853 quusi,
533 1796 599 1839 cum
620 1777 790 1837 excessisset
810 1797 827 1836 e
846 1778 915 1851 virt,
929 1787 993 1837 tum

208 1871 333 1948 denique
345 1872 474 1930 victurus
486 1883 571 1931 esset.
610 1873 702 1935 Quod
715 1874 832 1950 quidem
846 1874 877 1932 ni
898 1875 940 1932 ita
960 1892 994 1933 ee

192 1967 338 2040 ,heberet
351 1977 384 2026 ut
397 1967 487 2026 animi
500 1967 676 2029 immortales
689 1981 795 2044 essent,
804 1969 880 2028 haud
891 1970 993 2048 optimi
1049 1985 1054 1991 '

207 2063 347 2141 cujusque
361 2063 472 2122 unimus
486 2065 609 2124 mumme
623 2066 659 2124 ad
673 2066 919 2126 immortalitatem
932 2066 994 2146 plo·

206 2160 234 2220 ri
260 2159 435 2251 “nimitum

145 2263 193 2315 'w
228 2229 246 2257 o
276 2224 339 2329 tii,
353 2236 431 2334 quoii
444 2258 672 2336 sapientissimus
690 2259 811 2337 quisque
831 2259 994 2338 equissimo

208 2354 305 2414 auimo
317 2353 447 2428 moritur,
462 2355 649 2414 stultissimos
662 2357 863 2434 iniquissimo?
884 2356 994 2417 Nonne

207 2451 289 2510 robis
297 2451 415 2509 'ridetur
429 2452 543 2510 animus
556 2454 591 2526 is,
605 2454 654 2529 qui
666 2454 732 2530 plus
746 2465 846 2513 cernat
859 2465 888 2513 et
901 2455 996 2533 longi·

208 2567 252 2620 us,
264 2548 372 2621 uidere,
386 2568 418 2606 se
439 2549 475 2607 ad
496 2550 616 2608 meliora
634 2551 795 2626 proficisci3
818 2551 867 2610 ille
887 2561 994 2625 autem,

208 2644 291 2722 cujus
305 2645 433 2706 obtusior
447 2647 484 2705 sit
505 2647 592 2720 acies,
613 2666 672 2705 nou
693 2647 809 2706 videret
850 2648 995 2725 Equidem

147 2744 193 2797 '25
208 2741 312 2800 efferor
335 2736 431 2801 studio
454 2753 550 2819 patres
571 2755 690 2816 uestros,
714 2763 785 2820 quos
807 2744 885 2803 colui
907 2755 936 2803 et
954 2744 997 2802 di·

206 2837 275 2911 lexi,
289 2837 424 2897 videndis
444 2857 536 2915 neque
560 2858 628 2897 uero
651 2859 702 2897 eos
724 2840 816 2898 solum
841 2838 996 2899 convenire

133 2958 141 2971 ·
209 2952 289 3006 aveo,
303 2953 375 3011 quos
389 2935 450 3012 ipse
464 2936 588 3012 cognovi
596 2956 604 3007 ;
626 2937 677 2994 sed
691 2937 756 2995 illos
769 2938 868 3010 etiam,
883 2936 919 2994 de
934 2935 997 3012 qui·
1083 2992 1084 2995 ,

190 3027 263 3087 .bus
288 3030 394 3109 audiui,
422 3041 451 3093 et
477 3030 546 3110 legi,
572 3032 691 3109 etipse
713 3033 882 3109 conscripsi.
921 3031 997 3096 Quo
