2186 3532
298 333 302 339 .
370 290 413 337 nn
432 286 631 339 sesamum.
702 308 709 322 .
901 280 941 341 tt

105 444 185 495 tens
205 437 393 496 fecundiori
450 438 533 501 Quid
566 440 603 498 de
637 440 758 499 utilitate
791 442 893 519 loquar

106 534 308 593 stercorandii
348 534 417 593 Dixi
437 535 468 597 in
487 555 523 593 eo
542 534 627 609 libro,
646 556 728 613 quem
749 537 786 596 de
806 539 891 597 rebus

105 629 224 687 rusticis
250 629 369 706 scripsi3
403 630 439 688 de
465 632 523 708 qni
550 631 653 691 doctus
679 630 826 692 Hesiodus
852 653 893 694 nc

105 726 225 783 verbum
247 726 361 801 quidem
382 727 461 800 fecit,
476 746 542 786 cum
563 729 726 788 decultum
747 731 808 809 egri
821 731 892 790 scii·

106 820 195 878 beret.
236 822 278 881 Aa
292 822 446 895 Homerus,
457 824 506 900 qui
516 824 613 882 multis
624 823 671 902 (ut
684 825 753 883 mihi
764 824 888 908 videtur)
906 832 929 882 s

107 926 174 974 ante
188 917 300 976 seculis
313 918 376 991 init,
388 919 522 997 Laertem
537 920 693 1007 lenientem
703 914 890 997 desiderium,

104 1013 182 1090 quod
203 1014 334 1091 capiebat
353 1033 370 1073 e
389 1015 459 1087 filio,
478 1016 623 1075 colentem
645 1037 753 1095 agrum,
774 1028 803 1076 et
823 1038 889 1079 eum

104 1119 321 1184 stercorantem,
335 1111 412 1170 ibcit.
453 1111 520 1170 Nec
539 1132 608 1171 sero
627 1115 772 1192 segetibus
785 1116 888 1191 solum,

103 1216 134 1266 et
152 1207 251 1284 piatis,
265 1217 295 1266 et
309 1208 409 1280 vineis,
424 1218 453 1267 et
473 1209 605 1283 arbustis,
620 1229 666 1268 res
685 1213 800 1271 rusticas
813 1212 888 1272 inte

104 1314 180 1377 sunt,
191 1304 242 1363 sed
256 1304 343 1363 etiam
355 1305 446 1365 hortis
458 1316 488 1363 et
500 1307 654 1382 pomeriis;
669 1318 730 1366 tum
743 1310 887 1386 pecudum
904 1312 940 1363 10

81 1412 195 1479 pastu,
211 1402 307 1478 apium
326 1401 516 1475 examinibus,
531 1402 633 1461 florum
653 1405 781 1464 omnium
799 1407 888 1465 vasie-

102 1508 169 1558 tate.
210 1498 241 1557 N
242 1517 277 1556 ec
288 1498 464 1556 consitiones
477 1500 564 1557 modo
575 1499 728 1573 delectant,
741 1502 791 1559 sed
799 1503 887 1561 etism

102 1594 269 1665 insitiones3
290 1594 394 1671 quibus
413 1593 485 1652 nihii
506 1595 615 1654 micuit
636 1596 810 1674 agricultura
832 1598 894 1656 soi-

102 1691 211 1750 lertius.
277 1716 280 1723 ·

140 1885 223 1944 XVI.
264 1885 384 1945 Possum
403 1887 535 1964 persequi
562 1888 652 1946 mults
671 1888 884 1950 obiectamenta
899 1895 930 1945 15

101 2000 195 2041 rerum
216 1982 403 2042 rusticarum:
424 1984 474 2042 scd
495 2003 530 2042 ea
550 1985 620 2061 ipsa,
634 2006 698 2062 quoe
711 1986 780 2060 dixi,
796 1987 887 2047 titisse
913 2044 915 2057 ,

101 2080 193 2138 sentio
226 2080 366 2157 longiora.
419 2080 580 2158 Ignoscetis
615 2092 726 2141 autem:
760 2101 826 2142 nam
853 2095 882 2143 et

101 2176 196 2235 studio
215 2194 310 2236 rerum
330 2177 501 2237 rusticarum
520 2189 675 2254 provectus
695 2198 767 2253 sum,
788 2191 817 2239 et
838 2174 897 2240 sel

38 2316 41 2320 Α
100 2285 201 2332 nectus
213 2284 257 2332 est
270 2274 372 2332 natur&
386 2273 549 2351 loquacium
570 2294 607 2332 ne
621 2277 657 2333 nb
670 2276 803 2334 omnibns
816 2295 879 2335 eam

100 2370 175 2429 vitiis
188 2371 285 2429 videar
294 2371 450 2429 vindicare.
491 2371 570 2448 Ergo
583 2373 613 2430 in
628 2373 683 2431 hac
696 2373 754 2431 sits
768 2372 809 2431 Μ’
822 2374 879 2431 On
893 2381 926 2435 tt

100 2467 167 2539 rins,
182 2487 248 2526 cum
268 2467 305 2526 de
318 2467 505 2538 Samnitibus,
520 2467 556 2524 de
577 2469 702 2543 Sabinis,
717 2471 753 2527 de
767 2469 878 2545 Pyrrho

99 2563 310 2639 triumphisset,
325 2564 503 2639 consumpsit
515 2573 672 2623 extremum
687 2576 799 2641 tempus
813 2574 878 2623 oetu·

14 2642 24 2689 .'
99 2659 154 2718 tis:
169 2658 250 2735 cujus
263 2659 377 2736 quidem
387 2659 482 2718 villam
495 2679 550 2737 ego
564 2660 769 2737 contemplans,
782 2659 877 2739 (abest

99 2753 175 2814 enim
189 2756 247 2812 non
260 2755 346 2833 longe
361 2757 447 2836 ame)
460 2756 592 2815 admirari
606 2756 674 2815 setis
687 2776 745 2816 non
758 2776 875 2833 possum

98 2852 141 2911 vel
162 2851 286 2910 bominis
306 2853 394 2929 ipsius
414 2854 631 2927 continentiam,
651 2855 695 2913 vei
715 2865 872 2931 temporum
889 2864 920 2917 ὣ

99 2948 287 3025 disciplinam.
328 2949 427 3022 Curio,
443 2950 478 3008 ad
493 2951 588 3008 focum
603 2950 725 3023 sedenti,
738 2969 872 3030 magnum

99 3045 158 3104 auri
171 3044 284 3122 pondus
303 3044 447 3105 Samnites
461 3065 528 3105 cum
549 3046 718 3121 attulissent,
731 3048 872 3126 repudiati
955 3117 957 3121 ¹

328 3141 348 3202 4
