2186 3532
102 296 106 309 ·
161 277 212 339 sto
363 288 530 349 maros,
547 289 622 336 srva
640 288 684 336 ns
700 284 859 336 imonis.

256 437 453 514 Quapropter,
461 458 478 496 a
487 437 591 496 naturd
600 438 671 496 mihi
683 439 793 496 ridetur
804 437 910 515 potius,
920 455 1009 514 quam
1075 426 1077 539 l

219 535 255 592 ab
266 534 438 612 indigentia,
449 545 512 593 orta
522 534 659 607 amicitia,
670 545 700 592 et
710 534 902 611 applicatione
914 534 1011 612 magis

220 631 308 689 animi
322 651 389 690 cum
404 633 529 708 quodam
542 650 629 689 sensu
651 631 777 704 amandi,
791 649 878 708 quam
897 632 1011 709 cogita·

180 796 184 807 ¹
218 727 308 801 tione,
322 739 461 804 quantum
482 728 532 785 illa
551 747 597 786 res
617 727 751 785 utilitatis
771 737 846 785 esset
863 726 1010 786 habiture

187 841 204 890 5
218 823 309 886 Quod
330 825 446 901 quidam
460 825 544 901 quale
558 825 606 898 sit,
620 824 708 882 etiam
729 824 759 882 in
779 824 878 882 bestiis
891 823 1011 900 quibus·

220 921 287 980 dam
311 921 497 981 animadverti
521 932 638 999 potest3
669 940 733 997 quas
753 940 789 978 ex
809 940 842 979 se
860 930 944 978 natos
968 920 1010 978 ita

221 1028 317 1077 amant
332 1018 367 1076 ad
381 1018 525 1094 quoddam
536 1029 658 1096 tempus,
669 1028 699 1076 et
713 1019 749 1075 ab
762 1018 806 1076 eis
815 1018 854 1076 ita
865 1027 1008 1091 amantur,

220 1124 252 1172 ut
266 1114 351 1172 facile
365 1134 464 1173 earum
478 1135 579 1173 sensus
594 1124 728 1192 appareat
743 1135 750 1172 :
771 1114 858 1191 quod,
873 1114 903 1171 in
917 1114 1011 1172 homi·

219 1229 267 1283 ne,
278 1211 370 1268 multo
383 1221 427 1269 est
437 1211 613 1270 evidentius:
631 1211 766 1288 primum,
778 1226 814 1268 er
827 1210 862 1268 ed
876 1209 1010 1283 caritate,
1076 1224 1077 1239 ¹

175 1324 207 1374 ιο
221 1325 284 1382 quae
298 1316 342 1364 est
355 1305 430 1365 inter
444 1317 528 1366 natos
540 1317 571 1366 et
582 1318 736 1385 parentes3
757 1326 820 1383 quae
835 1305 941 1378 dirimi,
952 1304 1009 1364 nisi

165 1434 170 1464 ι
220 1403 384 1463 detestabili
394 1405 584 1477 scelere,non
594 1414 702 1481 potest:
724 1403 838 1475 deinde,
850 1421 918 1460 cum
931 1402 1012 1460 simi·

220 1500 258 1559 lis
270 1520 372 1561 sensus
386 1501 495 1573 exstitit
509 1502 626 1575 amoris,
635 1501 661 1560 si
676 1500 799 1576 aliquem
808 1499 888 1557 nacti
898 1517 1010 1572 sumus,

222 1597 304 1675 cujus
318 1617 385 1656 cnm
399 1599 528 1656 moribus
547 1608 577 1655 et
597 1597 700 1656 naturt
713 1614 916 1673 congruamus,
931 1595 1010 1672 quod

221 1694 252 1752 in
272 1713 309 1752 ec
328 1693 410 1769 quasi
428 1694 527 1752 lumen
546 1693 662 1768 aliquod
675 1691 826 1769 probitatis
846 1701 876 1750 et
896 1691 1012 1751 virtutis

176 1807 207 1858 15
220 1790 386 1866 perspicere
398 1789 556 1848 videamur.
571 1826 573 1833 ›

167 1930 171 1947 .
260 1883 349 1943 Nihil,
364 1893 409 1942 est
427 1884 505 1942 enim
527 1884 677 1942 amabilius
690 1885 812 1956 virtute;
833 1884 917 1958 nihil,
931 1883 1011 1962 quad
1076 1948 1077 1975 ,

222 1980 314 2058 magis
329 1979 436 2039 alliciat
450 1979 486 2038 ad
500 1979 696 2058 diligendum:
715 1982 822 2058 quippe
834 2001 911 2054 cum,
925 2001 1011 2059 prop-
1076 2028 1077 2033 ,

220 2087 266 2135 ter
280 2076 414 2136 virtutem
432 2087 461 2135 et
477 2077 661 2154 probitatem,
675 2097 725 2136 ecs
739 2078 837 2151 etiam,
851 2097 925 2155 quos
937 2097 1012 2138 nun·

223 2193 308 2249 quam
328 2173 462 2246 vidimus,
476 2173 601 2250 quodam
622 2175 710 2232 modo
729 2173 891 2253 diligamus.
931 2175 1012 2237 Quis

175 2280 208 2332 20
223 2280 276 2344 est,
291 2270 340 2347 qui
359 2269 394 2328 Ο.
410 2269 549 2344 Fabricii,
564 2269 604 2328 Μ’
621 2270 713 2344 Curii,
727 2291 789 2330 non
803 2290 871 2329 cum
889 2273 1011 2331 caritate

177 2418 180 2425 .
224 2367 319 2444 aliqud
339 2377 368 2425 et
389 2366 591 2426 benevolentid
611 2368 778 2425 memoriam
795 2378 922 2444 usurpet,
938 2389 1011 2445 quos

222 2483 370 2540 nunquam
384 2463 506 2522 videritl
546 2463 626 2526 Quis
644 2473 741 2521 autem
755 2474 809 2536 est,
823 2464 872 2540 qui
886 2464 1013 2542 Tarqui·

222 2559 304 2618 nium
324 2560 497 2635 Superbum,
511 2559 561 2635 qui
580 2559 630 2636 Sp.
645 2558 789 2632 Cassium,
803 2560 852 2636 Sp.
868 2559 1012 2634 Melium,
1076 2566 1077 2569 ’

222 2673 282 2713 non
303 2655 419 2713 oderitl
459 2654 535 2714 Cum
555 2655 668 2713 duobus
689 2655 813 2714 ducibus
832 2656 869 2714 de
889 2657 1012 2734 imperio

176 2753 208 2804 ab
223 2751 254 2810 in
274 2750 360 2809 Iulia
380 2750 559 2810 decertatum
576 2762 630 2824 est,
644 2751 754 2828 Pyrrho
774 2761 805 2810 et
825 2752 1011 2813 Hannibale:

169 2894 175 2917 ς
224 2848 260 2907 ab
285 2847 385 2920 altero,
407 2858 523 2926 propter
546 2848 717 2926 probitatem
742 2848 815 2926 ejus,
838 2869 898 2908 non
924 2849 1013 2909 nimis
1076 2904 1077 2917 ,

225 2943 334 3003 alienos
353 2945 463 3005 animos
481 2945 639 3004 habemus:
661 2943 792 3018 alterum,
810 2957 926 3024 propter
948 2965 1014 3006 cru·

225 3038 381 3114 delitatem,
394 3060 506 3120 semper
520 3041 584 3100 haec
597 3040 701 3100 civitas
712 3040 813 3100 oderit.
