2186 3532
135 249 179 313 ut
430 265 519 314 cuno
536 266 652 328 uuon
667 244 730 317 suu

186 412 402 472 inimicitiorum
405 415 620 493 ‚eupiditutum
633 416 763 476 omnium
766 432 976 493 ‚sesumessq

185 528 341 587 seuumque
366 511 412 589 (ut
438 512 628 668 duodus}
588 513 699 572 vivere!
740 513 774 572 Si
794 531 863 571 vero
885 515 976 574 hebet

186 608 300 684 uliquod
324 618 459 685 tuuquusu
470 611 528 686 pub
560 629 608 667 um
621 610 710 668 studii
724 619 810 686 etque
822 609 975 685 doetsine,

184 703 257 763 nihil
271 716 315 763 est
327 705 421 764 otiosd
432 715 582 765 senectute
591 705 758 784 jnoundius'.
799 705 877 764 Mori
889 725 976 783 pene

153 802 170 853 5
184 800 403 875 videbamus,1u
417 802 766 861 stud10d1met1end10oeli
780 813 865 880 utqtoe
877 812 973 878 terre,

184 896 219 956 C.
233 898 359 970 Gallum,
374 898 543 956 familiarem
564 899 654 976 putris
673 899 726 972 tui,
741 900 849 976 Scipio.
889 898 974 964 Quo·

183 994 239 1053 ties
251 994 331 1054 illum
346 995 395 1054 iux
407 1005 497 1054 noctu
508 995 615 1072 uliquid
626 996 790 1054 deseribese
799 997 971 1074 ingressum,

96 1096 98 1101 ’
183 1091 296 1168 quoties
308 1110 367 1149 uox
377 1092 529 1169 oppressit,
541 1108 607 1151 outn
622 1111 709 1151 mnne
721 1092 870 1170 ooepissetl
884 1112 973 1170 quem

183 1187 345 1247 deleotubut
365 1207 442 1261 eum,
456 1187 635 1247 defectiones
653 1189 723 1247 solis
740 1199 770 1247 et
789 1189 867 1249 lune
880 1191 972 1251 multe

137 1276 169 1328 ¹⁰
181 1283 266 1343 uobis
277 1295 343 1344 unte
355 1285 528 1363 predicere!

134 1428 161 1461 ι,
218 1380 302 1444 Quid
322 1382 353 1440 in
372 1381 527 1441 levioribus
547 1381 660 1455 studiis,
674 1380 726 1440 sed
746 1391 843 1441 tumen
856 1381 971 1442 scutis?

163 1462 266 1556 *quum
279 1479 424 1557 gaudebat
437 1478 519 1540 Bello
533 1498 587 1538 suo
600 1478 714 1538 Puuioo
726 1477 862 1538 Neuius!
883 1498 970 1557 quum

179 1574 364 1636 Truculento
402 1575 539 1635 Plautus!
578 1594 665 1654 quum
697 1574 859 1634 Pseudolo!
900 1573 971 1636 Vidi
1069 1624 1082 1631 ..

180 1672 268 1732 etium
288 1691 387 1732 senem
407 1672 539 1732 Livium:
560 1672 619 1750 qni,
635 1690 702 1730 oum
722 1688 773 1730 sex
787 1690 878 1731 nunes
891 1682 968 1746 unte,

136 1767 167 1819 ¹3
180 1787 266 1845 quum
279 1788 336 1847 ego
345 1779 431 1827 uetus
444 1787 518 1841 snm,
529 1768 655 1827 subudum
668 1767 823 1842 docuisset,
835 1767 969 1828 Centone

180 1864 387 1941 Tuditanoque
400 1864 577 1936 oonsulibus,
593 1883 682 1941 usque
696 1864 732 1923 ud
745 1865 966 1925 adnleseentiuu

179 1978 274 2020 meum
284 1960 425 2038 prooessit
435 1969 527 2019 [etate.
568 1959 651 2024 Quid
661 1960 698 2019 de
708 1960 740 2020 Ρ.
752 1962 860 2021 Lioiuii
868 1961 966 2022 Ornssi

179 2066 209 2116 et
221 2057 363 2134 pontifieii
377 2067 407 2116 et
419 2056 513 2116 eiviiis
530 2057 603 2135 juris
615 2057 712 2117 studio
725 2057 847 2135 loquuti
868 2067 917 2118 sut
929 2058 966 2118 de

178 2153 264 2231 hujus
277 2153 309 2214 Ρ.
321 2154 478 2232 Soipionis‚
488 2153 538 2231 qui
552 2153 598 2212 his
610 2154 712 2232 pnueis
722 2154 824 2214 diebus
835 2154 966 2232 pontifex

131 2246 165 2298 Μ
179 2251 321 2310 iunximus
347 2250 441 2310 suetus
466 2252 531 2310 esti
571 2250 662 2329 Atqui
688 2269 739 2310 eos
762 2269 871 2325 omnes,
893 2269 965 2328 quos

178 2348 409 2419 oommemoravi,
430 2347 476 2406 his
496 2347 599 2406 studiis
619 2347 773 2426 flagrantes
792 2365 876 2409 senes
895 2347 964 2407 vidi-

177 2462 250 2503 mus.
292 2443 334 2503 M.
355 2444 617 2522 vero-Cethegum,
631 2463 716 2521 quem
737 2453 816 2502 reete
830 2443 963 2504 “lusde

177 2539 355 2599 medullnm”
371 2539 443 2598 dixit
463 2539 586 2613 Ennius,
599 2550 709 2617 qnuuto
727 2538 823 2598 studio
837 2541 963 2601 exerceri

176 2635 207 2694 in
221 2635 347 2695 dicendo
360 2635 537 2710 videbamus,
549 2637 637 2695 etism
650 2654 748 2694 senem
759 2636 766 2694 i
805 2634 884 2700 Qun
897 2646 963 2696 sunt

128 2744 160 2795 25
176 2730 264 2810 igitur
291 2732 450 2809 epulorum,
476 2743 524 2792 eut
550 2733 695 2805 ludorum,
717 2741 766 2791 sut
792 2743 960 2806 soenorum,

175 2826 335 2905 voluptates
362 2847 429 2887 eum
456 2827 501 2887 his
520 2829 713 2906 voluptatibus
740 2829 959 2906 oompntuudei

175 2923 272 2999 Atque
286 2925 349 2983 hee
361 2923 478 3001 quidem
491 2924 587 2983 nudis
601 2924 755 2996 doctrinm
769 2946 832 3002 que
844 2924 958 3003 quidem

172 3019 363 3098 prudentibus
382 3030 411 3080 et
424 3022 499 3081 bene
518 3020 656 3081 institutis
668 3021 776 3099 puriter
795 3040 862 3081 oum
876 3030 958 3081 aetuts
