2186 3532
388 281 433 330 DE
452 280 659 331 muncrum
920 270 957 333 Δ

129 449 180 489 sus
192 430 335 491 honorum
350 426 411 490 fuit.
440 431 550 508 -Atque
559 431 622 509 ejus
635 439 763 489 extrem
775 439 844 489 atas
852 427 914 488 hoo

130 527 252 600 beatior,
267 546 353 604 quam
366 527 470 601 media,
485 528 563 604 quod
584 527 762 586 auctoritatis
781 526 846 604 plus
865 527 915 586 ha·

130 624 227 697 bebat,
240 624 348 683 laboris
368 643 435 683 vero
449 625 552 685 minus.
593 625 678 701 Apex
700 633 794 683 autem
815 641 914 682 sener-

130 721 202 780 tutie
214 730 260 778 est
273 722 435 783 auotoritas.
475 721 597 783 Quanta
617 721 672 780 suit
685 720 715 779 in
737 720 770 779 L.
793 720 914 779 Goeoiiio

97 852 103 867 κ
131 816 271 876 Metello!
301 828 407 894 quauta
427 819 458 877 iu
473 818 562 877 Atilio
585 817 737 877 Calatino!
769 818 800 875 in
826 833 944 894 qoem5

131 913 203 972 illud
229 914 356 993 etogium
383 914 518 973 unicum:
545 914 709 973 “Plurimae
730 914 914 973 eonsentiuut

130 1019 242 1088 gentes,
257 1010 356 1087 populi
369 1011 537 1087 primarium
552 1010 641 1069 fuisse
654 1011 775 1069 vitum.’'
803 1008 914 1067 Notum

129 1115 176 1164 est
197 1124 324 1179 carmen,
348 1107 473 1166 inuisum
495 1107 526 1165 in
547 1107 686 1184 sepulcro.
735 1106 806 1166 Jure
827 1106 914 1184 igitur

130 1203 234 1281 gravis,
259 1204 341 1281 eujus
362 1203 400 1262 de
426 1204 559 1263 laudibus
585 1204 713 1262 omnium
740 1213 816 1263 esset
837 1204 914 1262 fama

129 1299 323 1357 eonsentiena
370 1299 469 1361 Quem
488 1298 581 1357 virum
601 1298 633 1357 P.
654 1299 801 1372 Crassum,
821 1318 913 1376 nuper
928 1303 959 1357 1⁰

128 1395 295 1473 pontificem
308 1395 475 1467 maximum,
489 1415 574 1471 quem
586 1406 689 1472 postea
708 1394 749 1454 M.
771 1396 913 1472 Lepidum
1024 1414 1026 1418 ’

128 1491 233 1548 eodem
245 1491 410 1549 sacerdotio
421 1491 583 1567 proditum,
598 1491 742 1577 vidimust
779 1491 863 1553 Quid
876 1492 914 1550 ds

129 1586 222 1645 Paulo
237 1597 286 1646 aut
299 1586 440 1645 Africano
453 1587 573 1664 loquari
595 1597 653 1660 aut,
669 1597 700 1645 ut
711 1570 770 1665 fam
785 1597 861 1662 ants,
876 1588 914 1646 ds

130 1681 282 1742 Maximoi
309 1699 431 1760 quorum
452 1703 511 1742 non
534 1684 565 1743 in
587 1683 730 1742 sententia
744 1683 846 1758 solam,
861 1685 913 1744 sed
1010 1684 1017 1698 “

128 1780 217 1839 etiam
238 1779 268 1839 irs
289 1790 370 1854 nutu,
385 1780 528 1840 residebat
549 1782 712 1841 auotoritas
755 1781 853 1843 Habet
871 1800 915 1841 ss·
927 1786 958 1837 16

129 1888 242 1951 noetus,
270 1878 410 1937 honorata
435 1879 604 1955 presertim,
624 1888 734 1937 tantam
761 1880 914 1939 auotorita-

128 1985 197 2048 tem,
212 1985 244 2033 ut
257 1994 293 2034 ea
305 1976 395 2053 pluris
417 1976 464 2049 sit,
485 1996 569 2053 quam
590 1994 690 2038 omnes
711 1975 912 2037 adolesoentire

129 2072 377 2217 ωιηριαιοἍΧ

167 2264 282 2324 XVIII.
324 2265 393 2339 Sed,
414 2266 443 2324 in
465 2267 545 2325 omui
567 2267 706 2340 oratione,
728 2274 910 2337 mementote,
938 2278 942 2289 '

128 2378 193 2421 eam
219 2381 266 2420 me
286 2362 404 2421 laudare
424 2373 614 2436 senestutem,
635 2382 698 2439 quae
719 2360 911 2421 fundamentis
925 2363 957 2415 2⁰

129 2458 331 2517 adolescentior
353 2458 507 2519 commitata
527 2460 582 2517 sit:
604 2479 640 2518 ex
659 2480 716 2536 quo
735 2459 764 2518 id
779 2458 910 2529 efficitur,

129 2553 221 2631 (quod
235 2574 290 2633 ego
309 2573 416 2633 magno
435 2555 578 2632 quondam
598 2575 663 2615 oum
686 2573 801 2615 assensu
822 2552 913 2612 omni·

128 2669 178 2708 um
192 2648 265 2731 dixi)
279 2652 414 2710 miseram
434 2670 498 2710 esse
509 2662 698 2725 senectutem,
713 2670 776 2728 qum
797 2669 829 2708 se
850 2666 928 2708 ora·x

128 2745 209 2804 tione
222 2744 397 2807 defenderet
439 2747 506 2807 Non
521 2747 598 2821 oeni,
613 2767 671 2806 non
690 2766 779 2826 ruga,
792 2755 911 2823 repente

129 2841 328 2901 auctoritatem
344 2843 468 2922 arripere
481 2854 616 2922 possunt:
636 2844 688 2902 sed
708 2843 826 2902 honeste
847 2850 911 2900 aeta
924 2845 955 2896 2⁵

127 2938 259 3016 superior
286 2948 354 2998 retas
381 2941 491 3000 fruetus
519 2942 597 3018 eupit
619 2939 797 3000 auctoritatis
819 2949 911 3009 extre·

127 3054 199 3096 mos.

323 3129 368 3191 ⁴0
