2178 3526
132 243 172 302 82
332 256 473 317 summus,
491 257 566 304 slva
584 254 627 304 na
646 257 802 305 amoram.

181 408 321 480 colantur,
335 419 368 466 ut
381 408 412 480 ii,
426 408 485 485 qui,
500 405 602 485 opibus
622 419 652 467 et
670 408 771 486 copiis,
786 409 968 486 maximeque

180 506 283 563 virtute
303 507 417 582 praediti
436 507 480 584 (in
502 507 558 582 qud
577 506 731 583 plurimum
752 516 795 565 est
813 506 967 587 praesidii),

179 603 298 660 minime
319 603 436 661 alterius
456 604 614 681 indigeant,
635 603 828 660 liberalissimi
849 603 916 675 sint,
935 613 969 661 et

180 699 442 758 beneficentissimi.
483 701 580 775 Atque
601 700 676 757 haud
697 700 769 772 scio,
785 719 821 757 an
838 719 875 756 ne
894 718 968 776 opus

145 801 165 849 5
180 795 217 852 sit
230 796 354 871 quidem,
369 796 440 852 nihil
457 815 581 870 unquam
596 796 715 852 omnino
737 796 837 853 deesse
856 795 966 855 amicis.

179 890 237 949 Ubi
257 893 334 948 enim
355 891 451 949 studia
470 905 567 949 nostra
586 891 753 968 viguissent,
774 891 799 949 si
819 890 968 966 nunquam

178 987 312 1059 consilio,
333 1005 478 1063 nunquam
499 987 586 1063 operti
610 987 717 1059 nostrd,
737 1006 793 1044 nec
813 986 892 1044 domi
911 1002 969 1046 nec

180 1082 298 1154 militiae,
314 1083 413 1159 Scipio
433 1083 581 1160 eguissetl
622 1082 691 1140 Non
710 1083 798 1160 igitur
815 1083 968 1141 utilitatem

181 1178 317 1252 amicitia,
332 1179 381 1236 sed
395 1179 503 1236 utilitas
518 1179 685 1252 amicitiam,
699 1190 856 1237 consecuta
868 1190 920 1238 est.

135 1379 165 1428 m
218 1372 286 1430 XV.
314 1371 385 1430 Non
404 1391 474 1450 ergo
494 1381 579 1430 erunt
599 1371 730 1430 homines
751 1371 864 1430 deliciis
877 1372 969 1432 difflu-

179 1479 261 1527 entes
282 1469 426 1542 audiendi,
441 1469 465 1527 si
484 1469 598 1545 quando
611 1471 647 1526 de
662 1468 799 1541 umicitid,
814 1489 898 1545 quam
911 1484 968 1529 nec

180 1585 234 1624 usu
255 1554 310 1624 nec
330 1567 441 1624 ratione
461 1566 569 1624 habent
595 1566 751 1643 cognitam,
773 1565 989 1643 disputabunt

180 1661 210 1719 N
213 1682 258 1720 am
267 1663 330 1738 quis
338 1674 391 1735 est,
404 1662 469 1740 (pro
478 1657 573 1720 Dedm
585 1662 681 1734 fidem,
692 1672 776 1737 atque
787 1660 967 1745 hominuml)

174 1748 230 1867 1iqui
251 1758 328 1828 velit,
343 1767 376 1814 ut
395 1776 488 1833 neque
509 1758 610 1834 diligat
631 1777 813 1833 quemquam,
830 1777 886 1815 nec
906 1758 969 1835 ipse

135 1869 166 1918 15
174 1854 218 1929 tab
238 1853 298 1909 ullo
319 1852 465 1930 diligatur,
486 1853 689 1911 circumfluere
710 1854 844 1912 omnibus
865 1854 968 1931 copiis,

180 1958 267 2023 atque
294 1947 324 2006 in
351 1949 481 2006 omnium
513 1968 609 2006 rerum
645 1950 820 2008 abundantid
853 1949 969 2010 viverel

181 2044 255 2103 Hoec
269 2045 347 2103 enim
360 2055 404 2103 est
419 2056 604 2121 tyrannorum
619 2045 694 2117 vito3
716 2046 746 2104 in
761 2046 818 2121 qud
831 2047 969 2106 nimirum

180 2143 260 2200 nulla
280 2143 359 2214 fides,
381 2141 460 2200 nulla
480 2143 596 2215 caritas,
617 2142 696 2200 nulla
715 2143 825 2201 stabilis
845 2143 969 2202 benevo-

181 2238 275 2296 lentiae
289 2249 381 2315 potest
394 2258 458 2297 esse
471 2238 596 2297 fiducia:
618 2220 715 2297 omnia
728 2258 839 2316 semper
853 2258 969 2316 suspec»

112 2390 115 2397 ,
133 2350 166 2400 20
178 2347 220 2407 ta,
236 2347 319 2411 atque
332 2335 472 2393 sollicita:
493 2335 589 2393 nullus
603 2336 685 2393 locus
700 2335 842 2394 amicitias.

218 2432 297 2496 Quis
316 2433 393 2489 enim
415 2442 463 2490 aut
483 2450 550 2490 eum
570 2432 671 2509 diligat
691 2451 775 2509 quem
792 2433 903 2505 metuit,
919 2442 969 2492 aut
1059 2456 1061 2459 ·

180 2548 246 2587 eum
258 2549 340 2605 aquo
351 2548 382 2586 se
393 2528 481 2586 metui
491 2531 592 2604 putatl
620 2528 764 2587 Coluntur
774 2540 871 2587 tamen
881 2529 969 2587 simu-

179 2626 287 2684 latione
307 2625 444 2683 duntaxat
466 2625 500 2683 ad
521 2635 640 2701 tempus.
681 2624 815 2687 Quodsi
835 2626 906 2684 sorte
922 2626 968 2704 (ut

180 2723 212 2780 fit
230 2722 411 2802 plerumque)
427 2719 595 2794 ceciderint,
609 2732 670 2779 tum
688 2722 867 2799 intelligitur,
881 2741 968 2798 quam

134 2836 167 2886 25
182 2818 287 2876 fuerint
298 2818 398 2893 inopes
413 2817 591 2876 amicorum:
612 2817 689 2894 quod
703 2816 895 2915 Tarquinium
907 2818 968 2876 dix·

182 2914 237 2971 isse
254 2914 359 2986 lerunt,
373 2925 434 2972 tum
455 2914 632 2972 exsulantem
647 2932 678 2971 se
692 2904 877 2987 intelleriis'se,
894 2933 967 2991 quos

174 3008 252 3069 ‘fidos
280 3009 388 3069 amicos
414 3010 569 3083 habuisset,
590 3029 662 3087 quos
689 3010 802 3084 infidos,
823 3030 889 3072 cum
906 3011 967 3088 jam
