2178 3526
292 251 440 318 arsurus,
454 256 528 305 srva
546 256 590 305 nn
609 252 765 307 rmorrm.
904 240 968 305 ‘tm

131 396 282 485 'judicium
302 402 372 480 veri,
387 404 472 483 idque
485 402 640 488 adulterat)
654 402 725 467 tnm‘
736 404 870 477 amieitio
881 420 925 463 re*

140 513 250 581 pugnat
263 502 394 563 maxime.
435 502 521 562 Delet
533 503 610 562 enim
625 503 781 574 veritatem,
791 503 855 561 sine
868 502 925 580 qut

140 619 248 658 nomen
270 599 404 659 amicitias
422 600 516 659 valere
535 619 594 658 non
613 609 715 677 potest.
755 598 843 672 Nam,
858 598 925 658 oum

78 726 80 729 ·
142 696 275 756 amicitie
290 698 331 755 ris
345 697 382 755 sit
400 698 430 757 in
450 716 496 769 eo,
510 707 542 755 ut
562 716 636 755 unus
649 696 731 774 quasi
751 685 926 755 animus'fiat

128 813 178 853 ex
189 793 335 870 plurinum
356 793 405 871 qui
428 794 458 855 id
479 792 539 852 fieri
563 793 678 870 poterit,
702 793 727 851 si
750 811 788 852 ne
810 794 840 851 in
867 804 956 855 anob

140 892 255 968 quidem
264 909 377 968 quoquo
386 908 460 949 unus
469 891 580 949 animus
588 890 652 963 erit,
662 889 793 966 idemque
804 908 924 965 semper,

139 989 192 1047 sed
206 989 310 1060 rarius,
320 986 541 1059 commutabilis,
552 988 720 1064 multiplex?
745 985 834 1051 ,Quid
848 974 925 1043 enim

139 1096 234 1162 potest
250 1111 253 1116 -
268 1104 331 1144 esse
357 1096 415 1145 tam
442 1085 577 1158 flexibile,
604 1095 662 1143 tarn
690 1083 814 1156 derium,
840 1100 926 1159 quam

140 1183 253 1242 animus
272 1182 343 1260 ejus,
358 1182 417 1260 qni,
433 1183 468 1242 ad
489 1182 605 1241 alterius
624 1201 683 1240 non
702 1181 790 1240 modo
809 1199 924 1240 sensum

141 1298 176 1338 ao
194 1280 379 1353 voluntatem,
393 1280 444 1339 sed
468 1278 555 1339 etiam
576 1279 685 1338 vultum
705 1288 791 1356 atque
813 1288 925 1351 nutum,
941 1276 972 1339 10

139 1377 340 1436 convertitur?

139 1773 173 1820 at
196 1762 236 1821 ait
259 1763 335 1822 idem
358 1763 531 1823 Terentius:
553 1763 604 1821 sed
624 1763 673 1822 ille
691 1762 745 1821 seb
764 1760 925 1821 Gnathonis
947 1768 954 1781 ”

137 1861 276 1936 person&
304 1861 380 1939 quoti
408 1861 494 1920 amici
520 1879 612 1940 genus
639 1859 784 1933 adhibere,
806 1860 924 1918 omnino
940 1869 971 1919 te

138 1956 262 2015 {evitatis
284 1967 336 2016 est.
377 1956 464 2016 Multi
487 1968 580 2019 entem
599 1957 785 2016 Gnathonum
807 1957 924 2029 similes,

139 2072 206 2112 enm
220 2053 278 2112 sint
297 2053 372 2128 looo,
386 2054 511 2127 sonunt,
526 2055 601 2113 iamt
621 2054 801 2130 superiores:
823 2054 925 2113 horum

138 2160 182 2209 est
196 2151 350 2210 assentatio
364 2152 493 2224 molesta,
505 2171 570 2210 eum
586 2151 621 2209 ad
635 2151 789 2209 vanitatem
803 2150 925 2208 aeoessit

139 2249 301 2306 auotoritas

178 2345 298 2403 Seoerni
312 2354 407 2403 autem
421 2345 543 2404 blandus
557 2344 667 2403 amiens
681 2364 698 2402 a
710 2363 785 2415 vero,
796 2354 826 2402 et
838 2343 924 2410 iuter-
934 2346 969 2401 'ffl

138 2440 231 2513 nosci,
265 2451 324 2498 tarn
353 2451 456 2518 potest,
484 2441 613 2498 adhibiti
646 2440 806 2517 diligentia,
838 2458 923 2515 quam

140 2537 238 2595 omnia
257 2537 354 2596 suoata
372 2547 402 2595 et
422 2537 555 2596 simulata
571 2557 588 2596 a
606 2537 726 2595 sinceris
741 2546 825 2611 atque
838 2535 921 2594 veris.

137 2633 262 2707 Conoio,
285 2653 348 2711 qne
372 2652 408 2692 en
434 2633 654 2711 imperitissimis
681 2642 803 2704 constat,
825 2641 921 2690 tamen

140 2730 267 2807 judicare
283 2731 366 2803 solet,
382 2730 450 2808 quid
471 2731 583 2789 intersit
606 2731 680 2788 inter
701 2729 876 2806 popularem,
888 2728 919 2786 id

138 2837 192 2900 est,
210 2838 414 2887 assentatorem
436 2837 465 2886 et
488 2827 579 2886 levem
600 2827 704 2899 civem,
718 2836 747 2884 et
765 2825 839 2883 inter
853 2844 921 2883 oon·
934 2838 967 2890 m

137 2934 271 2997 stantem,
285 2942 425 2997 severum,
439 2934 469 2983 et
481 2943 605 3001 gravem
644 2923 762 2986 Quibus
776 2921 921 2980 blanditiis

138 3020 173 3081 C.
186 3019 321 3099 Papirius
340 3040 431 3098 nuper
453 3020 591 3080 influebat
611 3020 643 3079 in
664 3038 747 3079 aures
760 3018 920 3092 oonoionis,

330 3117 350 3176 9
364 3115 382 3154 e
