2186 3532
154 250 195 310 te
446 260 535 309 creo
553 259 669 320 uuus,
689 258 753 307 ssu

202 410 344 469 bonorum
358 409 498 469 memoria
518 419 547 469 et
567 409 661 486 copia.
702 407 812 467 Omnis
830 425 909 480 vero,
923 424 989 484 quo

201 507 361 565 secundum
375 517 506 567 naturam
520 506 603 580 fiunt,
618 516 687 564 sunt
699 504 834 564 habenda
846 503 878 562 ia
887 503 988 573 ,bonis
1084 488 1085 557 J

200 604 284 666 Quid
298 615 341 663 est
362 616 458 663 autem
479 614 538 663 tam
558 603 718 667 secundum
733 613 881 685 tecturam,
902 619 989 678 quam

202 701 321 760 senibus
332 701 443 760 amorii
464 701 542 777 quod
556 701 633 761 idem
655 673 799 779 coritinssit
823 698 991 758 adolescen-

170 798 290 872 stibus,
304 799 473 857 adversante
487 808 517 856 et
536 808 715 875 repugnante
733 796 845 856 nature.
887 794 990 871 Itaque
1079 806 1085 871 ᾗ

204 895 400 955 adolescentes
428 895 502 953 mori
529 895 572 953 sic
601 895 671 953 mihi
698 895 843 968 videntur,
866 903 897 952 ut
918 908 989 950 cum
1084 970 1085 973 Ἴ

204 1013 285 1070 aquae
305 992 489 1051 multitudine
503 992 547 1051 vis
560 992 683 1051 flammae
697 991 883 1069 opprimitor;
905 1007 990 1048 senes
1084 1020 1085 1059 1

204 1101 309 1162 autem,
323 1089 399 1148 sicut
419 1089 471 1147 sui
491 1099 605 1166 sponte,
626 1088 706 1148 nulli
727 1088 855 1147 adhibita
869 1087 907 1161 vi,
921 1105 991 1145 con·

203 1198 332 1264 sumptus
346 1186 423 1265 ignis
437 1186 636 1265 exstinguitur.
678 1185 727 1259 Et,
742 1184 824 1262 quasi
844 1202 940 1261 poma,
954 1200 992 1243 ex

156 1286 187 1337 ¹⁰
204 1284 363 1357 arboribus,
379 1284 403 1342 si
416 1283 508 1342 cruda
521 1294 597 1356 sunt,
612 1283 641 1341 vi
656 1282 833 1353 avelluntur3
854 1280 879 1341 si
899 1290 991 1339 meto·

203 1391 278 1440 raet
297 1393 392 1455 cocta,
407 1381 562 1452 decidunt3
580 1381 628 1439 'sic
649 1380 736 1438 vitam
758 1378 990 1438 adolescentibus

203 1479 246 1538 vis
260 1479 362 1553 aufert,
377 1479 494 1537 senibus
514 1478 682 1537 maturitas:
704 1497 767 1553 quaa
788 1475 859 1537 mihi
874 1470 991 1553 quidem

203 1588 262 1636 tam
273 1577 403 1655 jucunda
416 1586 469 1649 est,
484 1586 525 1649 ut,
540 1595 599 1651 quo
611 1573 730 1652 propius
752 1573 787 1631 ad
807 1583 929 1631 mortem
944 1589 991 1631 aa·

204 1674 316 1747 cedam,
350 1673 432 1748 quasi
466 1683 570 1732 terram
604 1671 701 1729 videre
727 1670 835 1743 videar,
864 1668 992 1745 aliquan-

157 1771 299 1848 atrioque
332 1770 362 1828 in
391 1779 507 1847 portum
540 1787 576 1831 ex
601 1768 690 1847 longi
717 1767 908 1846 navigatione*
927 1784 991 1827 esse

203 1877 349 1926 venturus.

243 2059 313 2121 XX.
355 2058 495 2117 Omnium
515 2067 631 2117 aetatum
652 2068 748 2116 certus
768 2069 812 2117 est
832 2056 989 2117 terminus:

204 2156 363 2215 senectutis
397 2166 491 2215 autem
519 2155 615 2214 nullus
639 2166 736 2214 certus
762 2165 805 2214 est
832 2148 990 2213 terininns:

204 2266 339 2330 recteque
351 2254 399 2312 ‘in'
409 2253 445 2311 ei
464 2253 578 2325 vivitur,
593 2252 689 2329 quoad
710 2272 815 2311 munus
837 2250 927 2310 officii
941 2270 992 2309 ex·

156 2363 189 2415 eo
204 2352 285 2428 sequi
299 2362 330 2408 et
342 2350 418 2408 tueri
437 2349 540 2426 possis,
555 2360 584 2407 et
604 2359 700 2408 tamen
721 2359 843 2407 mortem
865 2359 994 2407 contem·

204 2468 290 2507 nere:
321 2467 358 2505 ex
375 2466 433 2523 quo
452 2446 493 2519 fit,
516 2455 547 2504 ut
570 2446 725 2504 animosior
746 2446 834 2504 etiam
856 2453 993 2504 senectus

205 2545 251 2617 sit,
267 2562 352 2619 quam
364 2542 566 2614 adolescentia,
578 2552 607 2599 et
621 2542 730 2601 fortior.
773 2541 841 2600 Hoc
855 2541 927 2600 illud
938 2550 992 2615 est,

205 2641 282 2717 quod
296 2640 447 2699 Pisistrato
459 2649 581 2716 tyranno
594 2659 610 2696 a
624 2639 732 2699 Solone
746 2658 917 2716 responsum
930 2648 991 2711 est3

205 2756 273 2796 curn
293 2735 336 2794 iili
356 2735 506 2812 quaerenti,
527 2735 585 2811 qua
606 2735 722 2794 tandem
743 2755 793 2813 spe
814 2736 914 2808 fretus,
936 2733 993 2793 sibi

157 2847 190 2898 25
205 2845 263 2892 tam
292 2832 439 2891 audaciter
472 2831 634 2906 obsisteret,
660 2833 844 2910 respondisse
872 2833 992 2906 dicitur,

205 2931 370 2990 Senectute.
413 2929 470 2988 Sed
485 2928 600 2987 vivendi
619 2928 685 2987 finis
700 2938 743 2988 est
757 2930 892 3008 optimus,
912 2946 992 3002 cum,

206 3024 317 3105 integri
340 3037 446 3102 mente,
471 3024 640 3102 caeterisque
662 3025 803 3100 sensibus,
825 3043 898 3102 opus
928 3023 993 3102 ipsa
1080 3092 1082 3113 Ι
