2186 3532
394 289 439 339 na
457 288 661 341 amacium
923 276 965 340 tt

118 435 283 516 flagitium,
310 438 397 498 nullis
430 440 494 499 aliis
527 439 671 498 illecebris
703 437 834 513 excitari,
860 437 917 499 uisi

115 535 292 612 uoluptatis.
333 536 466 613 Cumque
483 536 610 596 'homini
643 537 703 594 sire
716 548 829 609 natura,
857 537 918 596 sive

98 620 194 709 'quis
220 632 312 706 Deus,
336 634 409 692 nihil
436 645 533 701 mente
558 634 750 711 prestabilins
772 635 916 706 dedisset3

130 729 200 788 huic
214 729 312 789 divino
325 731 438 790 muneri
463 750 498 789 ac
510 732 590 789 dono
612 729 685 789 nihil
706 749 770 789 esse
790 740 849 790 tam
864 730 918 790 ini-

129 826 249 901 micum,
264 846 349 903 quam
372 827 556 905 voluptatem.
597 827 665 886 Nec
677 828 768 901 enim,
792 828 948 892 libidine5

128 923 306 998 dominante,
339 924 537 1002 temperantiae
570 924 669 983 locum
702 944 788 996 ease3
822 944 917 1003 neque

128 1021 248 1080 omnino
268 1022 298 1080 in
311 1022 465 1100 voluptatis
484 1040 575 1101 regno
595 1022 729 1081 virtutem
748 1040 834 1100 posse
847 1039 917 1080 con·

127 1118 236 1178 sistere.
275 1118 368 1182 Quod
388 1137 445 1196 quo
472 1120 565 1197 magis
586 1119 709 1199 intelligi
732 1129 839 1197 posset,
864 1119 916 1178 lin·

1 1182 17 1277 ‚¹
127 1234 196 1294 gere
222 1216 321 1275 animo
346 1216 475 1293 jubebat,
502 1216 584 1274 tanti
611 1216 763 1276 incitatum
790 1215 915 1294 aliquem

126 1313 271 1390 voluptate
291 1314 428 1390 corporis,
447 1323 555 1390 quanta
579 1313 690 1389 percipi
712 1324 810 1390 posset
837 1311 961 1372 max-1⁰

126 1408 191 1468 ima
233 1408 354 1469 Nemini
374 1410 512 1467 censebat
531 1409 591 1467 lore
609 1408 739 1480 dubium,
753 1408 823 1484 quin
842 1418 914 1468 tam·

126 1505 187 1577 diu,
202 1506 271 1563 dum
285 1506 326 1563 ita
339 1505 488 1583 gauderet,
502 1504 575 1562 nihil
597 1504 705 1582 agitare
720 1515 826 1576 mente,
840 1505 913 1564 nihil

125 1603 249 1674 ratione,
263 1601 337 1659 nihil
352 1600 527 1679 cogitatione
548 1600 696 1678 consequi,
710 1609 824 1678 posset:
844 1618 915 1677 quo·

126 1698 208 1756 circa
220 1697 293 1756 nihil
311 1715 377 1755 esse
396 1707 453 1755 tam
472 1696 651 1770 detestabile,
665 1706 780 1773 tamque
799 1696 925 1773 pestile-¹

125 1812 200 1868 rum,
215 1814 300 1870 quarn
314 1794 505 1871 voluptatem3
526 1793 668 1871 siquidem
682 1812 726 1867 ea,
742 1813 808 1855 cum
815 1763 960 1871 hildi&

124 1903 201 1951 esset
222 1902 306 1968 atque
326 1891 450 1970 longior,
471 1910 558 1949 omne
579 1890 668 1949 animi
687 1890 786 1949 lumen
807 1891 914 1951 exstin-

124 1999 233 2068 gueret.
288 1988 362 2048 llaec
383 2008 450 2047 cum
476 1987 512 2048 C,
533 1987 639 2047 Pontio
660 1988 790 2046 Samnite
818 1986 913 2066 (patre

124 2085 196 2163 ejus,
219 2106 234 2145 a
252 2105 320 2163 quo,
335 2085 471 2144 Caudino
485 2084 596 2162 prndio,
611 2085 661 2161 Sp.
682 2083 857 2158 Postumius,
872 2083 911 2143 T.

124 2181 272 2254 Veturius,
292 2182 438 2254 consules,
459 2181 585 2258 superati
606 2181 687 2261 sunt)
707 2180 836 2239 locutum
857 2179 913 2237 Ar·

124 2279 251 2356 chytam,
278 2278 432 2338 Nearchus
457 2277 646 2349 Tarentinus,
674 2277 776 2354 hospes
802 2284 910 2346 noster,
926 2290 958 2342 ω

125 2373 233 2452 (quiin
248 2374 377 2433 amicitih
390 2373 490 2451 populi
511 2372 640 2431 Romani
653 2371 864 2450 permanserat)
880 2388 911 2428 se

125 2490 142 2528 a
155 2472 311 2548 majoribus
324 2481 394 2530 natu
410 2470 557 2546 accepisse
571 2468 697 2555 dicebat,
713 2487 780 2527 cum
795 2465 911 2543 quidem

123 2567 152 2624 ei
167 2568 292 2628 sermoni
306 2568 483 2627 interfuisset
502 2566 586 2626 Plato
599 2564 804 2645 Atheniensis3
825 2580 911 2639 quem

123 2661 284 2722 Tarentum
306 2665 428 2736 venisse,
450 2663 483 2723 L.
504 2662 640 2734 Camillo,
661 2661 758 2739 Appio
784 2656 911 2718 Claudio

39 2765 42 2771 ’
124 2756 302 2834 consulibus,
316 2762 438 2839 reperio.
925 2758 958 2811 ³5

162 2856 313 2920 Quorsum
334 2858 417 2917 hoel
438 2869 470 2917 ut
490 2856 668 2935 intelligatis,
690 2854 714 2913 si
735 2852 910 2930 voluptatem

125 2953 291 3032 adspernari
317 2954 430 3015 ratione
453 2965 483 3013 et
505 2954 647 3032 sapientifi
670 2970 729 3010 non
751 2966 910 3027 possemus,

123 3070 258 3132 magnam
278 3050 440 3110 hahendam
460 3050 603 3111 senectuti
623 3048 755 3128 gratiam,
776 3066 838 3125 quae
852 3043 910 3104 effi·

359 3145 406 3204 lll
474 3199 476 3202 ,
