2178 3526
152 256 201 326 ds·
358 236 494 334 namus,
513 274 588 322 srva
608 275 651 323 aa
670 274 833 323 arnonas„¹

196 424 227 497 ii,
249 418 298 499 qui
327 443 358 483 se
381 433 460 482 totos
484 425 664 483 tradiderunt
690 424 893 502 roluptatibur‚
920 423 987 486 siue

196 520 323 578 amicitiai
350 521 437 579 vitam
461 541 524 580 esse
551 522 659 580 nullam
682 522 820 595 sentiunt,
844 522 869 580 si
895 523 985 581 inodo

194 617 282 675 velint
297 617 392 694 aliqud
411 637 448 676 ex
466 629 547 696 parte
566 619 722 677 liberaliter
741 619 845 678 rirere.
886 620 985 698 Serpit

194 715 282 788 enim,
306 716 406 773 nescio
427 716 581 792 quomodo,
596 717 798 803 perdomnium
820 716 893 776 ritas
914 719 985 776 ami·

163 814 263 872 Scitis
271 835 278 886 ;
300 834 356 873 nec
367 813 454 871 ullam
468 813 560 871 etatis
573 810 711 891 dageddae
725 814 865 873 rationem
875 815 984 891 patitur

192 931 256 972 esse
269 923 413 991 expertem
427 910 481 970 sui.

231 1009 412 1080 Quinetiam,
423 1007 523 1084 siquis
536 1007 572 1066 ea
583 991 736 1087 asperitate
743 1017 798 1081 est,
808 1018 838 1067 et
851 1008 985 1067 immani·

192 1115 250 1165 tate
263 1118 382 1179 nature,
397 1124 568 1183 congressus
587 1114 620 1163 ut
633 1105 782 1164 hominurn
796 1104 888 1183 fugiat
897 1116 986 1182 atque

192 1203 285 1261 oderit
304 1202 440 1281 (qualem
452 1204 541 1261 fuisse
561 1202 687 1261 Athenis
706 1200 861 1261 Timonem
881 1203 983 1262 nescio

147 1294 179 1356 ld
193 1318 277 1376 quern
300 1300 499 1381 accepimus);
519 1310 615 1359 tamen
637 1298 662 1357 is
674 1298 735 1375 pati
756 1318 815 1358 non
828 1299 928 1376 possit,
949 1308 983 1357 at

192 1417 251 1456 non
266 1398 397 1474 anquirat
418 1397 552 1474 aliquem,
568 1396 642 1473 apud
667 1415 752 1472 quern
774 1408 887 1454 evomat
903 1396 984 1454 virus

193 1494 358 1553 acerbitatis
371 1515 438 1554 suae.
479 1495 576 1571 Atque
591 1494 647 1552 hoc
657 1493 780 1551 maxime
791 1492 981 1570 judicaretur,

193 1591 216 1650 ai
231 1592 299 1668 quid
309 1592 367 1651 tale
377 1602 472 1670 posset
486 1592 665 1668 contingere,
676 1600 708 1648 ut
722 1589 825 1667 aliquis
837 1608 891 1648 nos
900 1589 982 1649 Deua

192 1688 297 1746 ex-hac
311 1689 460 1747 hominurn
475 1688 636 1764 frequentid
649 1687 773 1759 tolieret,
786 1696 816 1745 et
836 1687 865 1745 in
882 1687 982 1746 soiito-

146 1795 178 1844 15
194 1785 262 1843 dine
289 1785 398 1862 uspiam
429 1785 595 1856 collocaret,
620 1794 705 1859 atque
729 1783 769 1842 ibi
795 1784 982 1861 suppeditans
1077 1796 1078 1805 ¹

161 1874 173 1913 ⁸⁴
194 1881 321 1939 omnium
349 1900 454 1953 rerum,
485 1898 557 1957 quas
586 1891 690 1939 natura
716 1880 870 1954 desiderat,
893 1883 982 1940 abun·
1076 1902 1077 1913 ¹

194 1977 321 2036 dantium
335 1987 364 2035 et
377 1978 500 2054 copiam,
515 1977 641 2036 hominis
660 1977 780 2036 omnino
801 1978 981 2055 adspiciendi

192 2084 362 2154 potestatem
373 2075 504 2152 eriperet.
543 2074 622 2137 Quis
634 2085 694 2133 tam
707 2085 783 2133 esset
796 2075 915 2148 ferreus,
930 2076 981 2152 qui

192 2190 256 2231 eam
271 2171 357 2231 vitam
370 2172 443 2230 serre
456 2182 564 2250 posset,
578 2171 683 2249 cuique
696 2192 754 2231 non
768 2172 892 2230 auferret
905 2172 982 2232 fruo-

145 2276 178 2329 20
192 2280 253 2329 turn
267 2270 443 2346 voluptatum
457 2270 585 2327 omnium
600 2269 745 2327 solitudoi

158 2358 164 2393 ²
231 2366 342 2425 Verum
356 2385 427 2445 ergo
444 2366 515 2425 illud
535 2375 588 2438 est,
603 2366 689 2442 quod,
705 2385 722 2424 a
744 2364 907 2425 Tarentino
925 2367 983 2427 Ar·
1069 2358 1070 2361 ¹

194 2462 281 2541 chyti
309 2461 355 2543 (ut
381 2464 498 2544 opinor)
520 2462 580 2521 dici
605 2463 731 2537 solitum,
755 2474 869 2522 nostros
895 2483 981 2523 senes

193 2579 418 2620 commemorare
433 2560 538 2633 audiri,
554 2561 590 2618 ab
611 2560 674 2619 aliis
694 2560 812 2619 senibus
829 2560 978 2621 auditum:

193 2657 258 2717 “Si
281 2657 344 2735 quis
369 2658 398 2715 in
423 2656 526 2715 coelum
556 2657 761 2730 adscendisset,
789 2668 980 2735 naturamque

145 2771 177 2823 π
192 2753 292 2813 mundi
316 2764 345 2812 et
366 2752 608 2830 pulchritudinem
631 2754 756 2812 siderum
770 2754 978 2831 perspexisset,

158 2862 162 2879 ·
193 2851 340 2910 insuavem
364 2850 441 2909 illarn
460 2849 686 2910 'admirationem
707 2851 736 2910 ei
757 2851 828 2925 iore,
847 2871 911 2928 quae
934 2851 981 2929 ja·

193 2940 369 3006 candissima
395 2947 505 3020 fuisset,
531 2944 583 3031 [si]
614 2947 738 3025 aliquem
763 2948 812 3007 cui
838 2958 979 3023 narraret,
1060 2964 1061 2971 ¹

193 3040 366 3103 habuisset’'
407 3044 459 3104 Sic
481 3054 584 3105 natura
609 3045 768 3105 solitarium
790 3044 978 3119 nitriisman
