2186 3532
395 290 440 342 DE
459 292 667 344 sardeorum:

178 438 194 474 ³⁴
204 443 287 506 Unus,
297 443 340 507 qui
349 444 422 493 nobis
431 445 574 494 cunctando
589 446 699 495 restituit
709 461 760 494 rem
770 461 777 505 ς

202 524 260 574 Non
270 525 378 590 ponebst
388 527 457 575 enim
467 542 579 575 rumores
588 533 647 575 ante
657 527 780 578 salutem:

201 606 269 670 Ergo
280 606 408 671 mgisque
418 608 547 673 magisque
554 608 601 657 viri
613 623 681 656 nunc
693 607 771 673 gloria
781 607 885 658 elurst.''

5 781 6 786 ,
112 721 275 782 Tarentum
306 744 374 783 vero
401 727 458 802 qud
486 727 646 804 vigilantii,
675 746 733 803 quo
767 728 900 801 consilio,

112 821 238 898 recepit!
261 841 328 880 eum
346 824 475 899 quidem,
496 843 543 882 me
565 824 710 896 audiente,
733 825 930 899 Salinatori,5

113 917 173 992 qui,
189 919 292 977 amisso
312 920 429 996 oppido,
443 921 557 998 fugerat
577 922 607 979 in
629 941 736 994 areem,
751 921 900 1000 glorianti,

115 1026 200 1092 atque
233 1015 273 1074 ita
306 1016 431 1075 dicenti:
471 1017 571 1078 “Meri
605 1020 704 1097 operi,
736 1018 777 1083 Q.
815 1019 899 1090 Fabi,

112 1112 273 1171 Tarentum
300 1115 477 1191 recepisti:”
500 1117 649 1191 “Certe,’'
671 1118 765 1195 inquit
785 1118 883 1177 ridens

113 1215 132 1242 “
141 1229 218 1283 uam,
232 1211 288 1268 nisi
310 1221 341 1269 tu
363 1212 518 1286 amisisses,
532 1234 681 1291 nunquam
694 1216 898 1293 recepissem.”

111 1304 178 1363 Nee
197 1326 265 1365 vero
285 1308 316 1366 in
338 1309 424 1366 ermis
442 1311 634 1386 prestantior,
654 1330 740 1387 quam
760 1312 790 1370 in
811 1312 897 1390 togi3
914 1329 946 1378 ιο

111 1403 160 1478 qui
181 1404 282 1462 consul
306 1405 421 1478 iterum,
446 1406 496 1482 Sp,
518 1407 647 1466 Carvilio
667 1407 782 1487 eoilegd
804 1409 899 1485 quies-

112 1510 206 1572 cente,
221 1501 255 1558 C.
271 1501 416 1559 Flaminio
435 1503 666 1580 tribunoplebis,
680 1505 774 1579 quoad
793 1506 898 1581 potuit,
932 1584 935 1587 ι

6 1604 10 1621 ·
111 1596 226 1668 restitit,
257 1615 357 1674 agrum
386 1597 537 1657 Picentem
563 1608 593 1657 et
618 1601 765 1658 Gallicum
791 1601 900 1659 viritim

112 1703 215 1751 eontra
235 1693 351 1771 penatis
372 1695 573 1755 auctoritatem
594 1696 741 1756 dividenti.
783 1699 900 1777 Augur·

112 1810 168 1866 que
182 1810 249 1849 aum
263 1802 346 1864 esset,
358 1792 456 1851 dieere
471 1813 557 1852 ausus
567 1805 620 1867 est,
632 1796 748 1873 optimis
762 1797 899 1874 auspiciis
914 1811 945 1860 15

111 1907 147 1946 en
166 1889 237 1966 geri,
258 1909 322 1965 que
341 1909 393 1968 pro
414 1891 581 1968 reipublieae
601 1893 693 1952 salute
712 1905 897 1972 gererentur;

111 2004 175 2061 quas
196 1997 297 2045 eontra
316 1988 524 2064 rempublicam
545 1989 697 2063 ferrentur,
712 2003 815 2051 eontra
835 2013 899 2050 aus·

111 2082 190 2159 pieia
204 2083 278 2142 serti.
320 2082 416 2143 Multa
433 2085 464 2142 in
477 2105 514 2144 eo
527 2087 590 2144 viro
602 2088 742 2164 preclara
754 2090 897 2168 eognovi5

62 2221 65 2228 -
111 2179 162 2237 sed
186 2179 256 2238 nihil
278 2191 322 2239 est
344 2181 551 2255 admirabilius,
573 2202 660 2259 quarn
681 2187 828 2261 quomodo
849 2186 899 2245 iile

111 2287 233 2335 mortem
257 2276 299 2338 M.
319 2277 370 2336 filii
395 2279 470 2351 tulit,
495 2280 567 2338 elari
587 2281 651 2354 riri,
675 2292 705 2339 et
727 2279 946 2340 consularium

112 2373 166 2431 Est
192 2373 222 2431 in
243 2375 376 2433 manibus
395 2374 540 2447 laudati03
562 2396 648 2452 quam
673 2396 740 2436 eurn
763 2378 897 2456 legimus,

111 2489 197 2546 quem
230 2471 431 2548 philosophum
464 2493 524 2531 non
558 2475 790 2532 contemnimus?
831 2472 898 2532 Neo

112 2584 181 2624 vero
202 2567 249 2625 ille
271 2568 301 2626 in
322 2568 389 2627 luee
410 2570 497 2627 modo
520 2581 604 2647 atque
626 2571 656 2629 in
677 2571 770 2629 oeulis
790 2570 898 2629 uirium

113 2681 251 2739 magnus3
272 2665 322 2723 sed
343 2665 421 2724 intus
440 2665 577 2743 domique
596 2667 785 2745 prestantior.
833 2666 898 2728 Qui

112 2759 225 2818 sermo!
246 2779 308 2834 quoe
322 2763 480 2839 praecepta!
503 2768 619 2839 quanta
629 2748 899 2838 notitia'antiquita·
913 2769 945 2820 25

112 2855 167 2916 tisi
190 2873 253 2930 quae
266 2857 387 2917 seientia
403 2860 476 2936 juris
492 2861 623 2937 augurii!
643 2858 740 2918 multas
754 2858 851 2931 etiarn,
866 2871 899 2919 ut
950 2868 953 2873 “

113 2954 145 3012 in
172 2951 288 3009 homine
314 2953 460 3028 Romano,
488 2957 595 3014 litero:
633 2954 732 3013 omnia
758 2956 899 3015 memorii

113 3051 240 3123 tenebat,
255 3068 313 3108 non
327 3050 487 3112 domestica
499 3053 602 3125 solum,
610 3051 668 3129 'sed
681 3051 768 3128 etiam
780 3061 900 3112 externa

348 3146 371 3206 8
