2178 3526
257 287 396 347 umarus,
414 286 487 335 siva
507 289 550 335 nn
570 288 727 335 amanis.
889 275 932 339 83

97 430 207 493 neutris
227 436 348 513 gratiam
369 436 476 495 referre
488 447 593 513 posset.
633 436 812 514 Quanquam
835 435 874 493 mi

97 550 155 605 ror,
170 532 220 590 illa
240 534 374 609 superbiai
394 545 422 592 et
437 533 661 610 importunitate,
677 533 701 591 si
715 552 885 609 quemquam

97 628 204 687 habere
222 630 325 706 potuit.
366 631 462 707 Atque
482 641 513 688 ut
533 631 627 707 hujus,
642 649 726 705 quem
743 629 812 700 dixi,
827 648 888 686 mo·

96 744 143 784 ras
163 727 375 785 veros-amieos
401 746 502 803 parare
522 747 580 784 non
595 725 731 803 potuere,
752 726 794 783 sie
815 727 887 784 mul·

95 832 192 880 torum
219 841 288 899 opes
313 823 532 900 praepotentium
560 823 716 880 excludunt
744 823 916 881 amioitias5

95 918 204 977 fideles.
244 919 315 976 Non
335 919 411 977 enim
427 920 520 977 solum
535 919 598 995 ipsa
611 919 725 977 fortuna
738 937 817 976 oaeoa
830 929 883 991 est,

95 1014 147 1072 aad
161 1034 212 1072 eos
224 1016 311 1073 etiam
324 1017 492 1093 plerumque
505 1016 594 1073 efficit
607 1034 711 1088 aracos,
722 1035 793 1090 quos
807 1035 885 1073 eom·

94 1110 179 1187 plexa
198 1120 249 1168 est.
290 1111 390 1189 Itaque
410 1112 566 1170 efferuntur
588 1112 629 1170 illi
649 1112 708 1169 sere
727 1112 841 1170 fastidio
855 1122 884 1170 et

95 1208 295 1266 oontumaoiri:
310 1228 403 1284 neque
412 1209 567 1285 quidquam
578 1208 730 1285 insipiente
740 1210 883 1268 fortunato

95 1303 305 1362 intolerabilius
318 1305 381 1362 fieri
394 1316 496 1381 potest.
898 1313 931 1363 lu

118 1446 120 1449 .
134 1399 232 1474 Atque
253 1400 309 1457 hoo
328 1400 444 1476 quidem
460 1401 554 1457 videre
567 1400 646 1471 lieet,
661 1420 721 1471 eos,
736 1401 784 1475 qui
799 1412 883 1460 antea

94 1495 254 1554 commodis
281 1496 398 1554 fuerunt
421 1497 558 1571 moribus,
580 1496 712 1570 imperio,
732 1507 882 1571 potestate,

91 1593 237 1668 prosperis
257 1593 353 1664 rebus,
368 1591 530 1661 immutari3
554 1591 706 1667 aperirique
728 1592 763 1649 ab
784 1591 819 1649 iis
838 1610 883 1649 ve·

92 1697 170 1747 teres
196 1689 349 1761 amicitias,
374 1687 518 1765 indulgeri
545 1688 634 1745 novis.
675 1687 758 1750 Quid
786 1699 881 1746 autern

92 1784 217 1856 stultius,
238 1804 334 1860 quam,
356 1785 597 1861 cumplurimum
618 1784 720 1861 oopiis,
742 1784 929 1843 facultati-15

92 1881 157 1952 bus,
170 1881 275 1957 opibus
287 1882 407 1957 possint,
422 1891 527 1940 caetera
544 1900 654 1957 parare,
669 1901 732 1956 quae
745 1896 882 1958 parantur

91 1974 227 2054 mannia,
248 1996 347 2054 equos,
368 1977 499 2049 famulos,
517 1988 625 2036 vestem
645 1978 801 2055 egregiam,
815 1999 882 2039 vasa
989 2050 991 2053 ¹

91 2073 235 2150 pratiosa;
264 2073 372 2132 amieos
398 2092 456 2132 non
482 2093 593 2150 parare,
614 2074 751 2150 optimam
771 2085 801 2132 et
820 2077 882 2151 pul·

91 2170 265 2228 cherrimam
292 2170 366 2242 rita,
394 2180 426 2228 ut
452 2170 493 2229 ita
519 2170 624 2242 dicam,
652 2171 880 2247 supellectilem?

91 2265 218 2338 Etenim,
234 2277 338 2326 cetera
351 2286 417 2325 amn
431 2277 542 2343 parant,
554 2266 601 2325 eui
615 2277 724 2343 parent,
735 2266 878 2344 nesciunt,
893 2276 926 2326 2⁰
960 2273 961 2277 ’

6 2376 7 2379 ’
91 2382 149 2422 neo
163 2363 245 2440 eujus
258 2365 347 2422 causi
360 2363 509 2422 laborent:
536 2364 599 2440 ejus
612 2363 688 2421 enim
703 2374 746 2421 est
760 2364 879 2421 istorum

6 3164 13 3269 i

90 2460 234 2537 quodque,
257 2461 307 2536 qui
334 2460 425 2519 vineit
450 2460 578 2518 viribus:
610 2460 800 2518 amicitiarum
827 2480 880 2520 sua

91 2557 198 2633 auique
211 2568 361 2634 permanet
381 2556 491 2616 stabilis
513 2567 542 2615 et
561 2566 641 2615 certa
652 2557 814 2634 possessio:
835 2556 878 2630 ut,

89 2653 179 2712 mitro
199 2654 225 2711 si
245 2654 294 2712 illa
313 2664 459 2726 maneant,
473 2672 537 2728 quas
555 2663 622 2711 sunt
638 2652 720 2729 quasi
734 2653 810 2711 dona
823 2653 878 2711 ior·

89 2760 180 2820 tune,
193 2759 289 2808 tamen
308 2750 367 2809 vita
386 2750 505 2822 inculta,
526 2759 555 2807 et
577 2749 689 2808 deserta
710 2750 745 2807 ab
766 2748 876 2822 amicis,
890 2764 924 2814 ω

90 2865 151 2906 non
164 2845 257 2922 possit
271 2865 333 2906 esse
344 2846 481 2923 jucunda
523 2846 582 2904 Sed
596 2846 659 2904 haec
672 2847 820 2904 haetenus.

131 3038 214 3100 m
249 3039 452 3100 Constituendi
479 3052 573 3101 autem
599 3049 676 3113 sunt,
695 3037 745 3116 qui
768 3038 825 3098 sint
844 3039 876 3103 in
