2178 3526
264 276 401 337 amarus,
420 275 494 324 srva
515 276 559 323 nn
580 275 737 323 amorii.
904 263 948 325 93

106 414 175 496 mus
189 444 293 501 capere
306 425 457 502 potuisset,
471 425 495 485 si
509 426 713 503 Lycomedem,
726 424 801 502 apud
815 443 901 501 quem

107 533 172 581 erat
195 523 346 596 educatus,
371 523 469 581 multis
490 543 557 582 cum
583 522 719 599 lacrymis
741 523 794 580 iter
816 542 900 580 suurn

107 617 326 697 impedientem,
338 621 436 679 audire
447 620 591 679 voluisset.
632 619 672 678 Et
682 639 757 697 saepe
768 620 901 679 incidunt

106 736 292 796 magnares,
308 728 338 777 ut
352 718 559 776 discedendum
575 718 612 776 sit
633 719 669 776 ab
691 718 807 788 amicis3
828 738 899 795 quas

12 842 13 849 ¹
107 815 160 892 qui
182 814 320 892 impedire
341 815 410 888 vult,
432 815 509 892 quod
532 815 707 873 desiderium
731 834 790 873 non
814 815 931 880 faciles

107 912 192 985 serat,
207 912 232 970 is
246 923 274 971 et
294 913 424 971 infirmus
441 924 494 985 est,
509 912 660 988 molliaque
680 913 793 985 naturai,
807 923 846 985 et,
861 914 899 970 ob

107 1029 174 1068 earn
198 1009 287 1086 ipsam
309 1029 435 1082 causam,
458 1009 488 1068 in
513 1010 641 1068 amicitiis
666 1028 767 1086 parum
794 1002 897 1086 justus.

21 1130 22 1134 ¹
108 1107 207 1182 Atque
228 1107 258 1164 in
279 1106 358 1165 omni
384 1126 415 1165 re
437 1106 677 1165 considerandum
700 1117 753 1180 est,
777 1118 806 1165 et
829 1107 897 1185 quid

106 1204 236 1282 postules
251 1206 287 1262 ab
302 1205 405 1277 amico,
417 1214 447 1262 et
460 1205 529 1280 quid
542 1204 653 1281 patiare
668 1215 726 1263 ate
741 1205 896 1282 impetrari.

148 1397 234 1457 XXI.
275 1397 329 1456 Est
342 1399 429 1457 etiarn
443 1398 526 1475 quasi
546 1398 677 1474 quedam
698 1399 846 1458 calamitas
865 1400 897 1458 in
913 1405 944 1456 10

109 1495 245 1553 amicitiis
272 1495 450 1553 dimittendis
477 1514 684 1570 nonuunquam
718 1496 897 1555 necessaria:

107 1591 171 1670 jam
189 1592 264 1649 enirn
280 1612 296 1650 a
309 1592 482 1669 sapientium
496 1591 737 1650 familiaritatibus
753 1593 788 1650 ad
803 1593 899 1670 vulga·

107 1707 157 1747 res
171 1689 311 1748 amicitias
325 1689 418 1747 oratio
432 1700 530 1747 nostre
543 1688 693 1747 delabitur.
735 1688 898 1767 Erumpunt

107 1805 185 1862 saepe
200 1786 268 1845 vitia
281 1786 450 1859 amicorum,
465 1805 532 1845 cum
553 1788 582 1845 in
603 1786 680 1863 ipsos
699 1786 821 1860 amicos,
835 1797 897 1846 tum

106 1881 139 1942 in
159 1883 285 1954 alienos;
306 1902 426 1961 quorum
447 1894 544 1941 tamen
566 1883 600 1942 ad
626 1883 734 1941 amicos
756 1885 898 1943 redundet
912 1889 944 1941 15

108 1978 235 2039 infamia
276 1979 366 2039 Tales
389 1979 476 2058 igitur
491 1981 625 2039 amicitie
643 1991 710 2039 sunt
729 1982 897 2041 remissione

107 2077 178 2135 ustis
209 2077 350 2149 eluendae,
371 2087 401 2135 et
426 2078 472 2155 (ut
500 2077 643 2136 Catonem
665 2078 762 2136 dicare
787 2080 895 2160 audivi)

107 2173 269 2233 dissuendae
289 2174 391 2251 magis,
406 2190 490 2249 quarn
510 2173 725 2233 discindenda:
746 2175 802 2232 nisi
822 2194 898 2250 quss-

94 2270 175 2329 'dam
196 2258 350 2329 admodum
371 2270 559 2329 intolerabilis
579 2271 683 2349 injuria
702 2273 848 2344 exarserit,
866 2282 897 2330 ut

107 2386 203 2442 neque
226 2378 338 2426 rectum
362 2386 457 2443 neque
481 2368 633 2426 honestum
653 2369 700 2441 sit,
721 2388 814 2445 neque
834 2368 895 2426 lieri
910 2379 943 2430 20

107 2464 208 2542 possit,
222 2475 255 2523 ut
268 2484 328 2523 non
341 2464 438 2523 statim
452 2464 588 2523 alienatio
602 2464 814 2542 disjunctioque
828 2465 885 2523 t'aci

108 2561 242 2621 endasit.
624 2566 629 2579 ¹

149 2659 313 2716 sinautem
330 2677 443 2717 morum
465 2669 514 2717 aut
534 2658 694 2718 studiorum
709 2636 905 2725 ollnfniila'ti'd

108 2755 238 2830 quedam
255 2754 301 2832 (ut
316 2755 378 2814 fieri
399 2756 485 2835 solet)
501 2755 578 2814 sacta
597 2756 661 2828 erit,
677 2756 770 2814 autin
784 2756 893 2833 reipula

107 2851 173 2910 lice
185 2851 314 2927 partibus
322 2851 467 2910 dissensio
480 2851 674 2909 intercesserit
689 2851 804 2928 (loquor
819 2853 895 2912 enim
909 2857 943 2907 25

111 2949 181 3026 jam,
197 2958 229 3007 ut
249 2948 335 3024 paulo
349 2958 416 3006 ante
436 2947 630 3021 distinendo
648 2949 830 3025 sapientium,
845 2950 896 3010 sed

109 3046 146 3105 de
166 3046 377 3118 communibus,
403 3044 563 3126 amicitiis),
588 3045 747 3105 carendum
770 3047 835 3122 erit,
858 3064 896 3108 ne
982 3085 986 3091 ι
