2186 3532
137 260 193 329 ft]
437 275 531 323 uam
548 274 665 337 suos,
682 274 747 325 sau

198 432 287 497 aeret,
307 432 340 482 ut
359 422 389 482 id
416 442 476 484 non
503 424 616 498 liberet,
642 425 720 502 quod
745 441 806 482 nun
830 432 984 500 oporteret

196 519 322 597 Impedit
340 521 419 579 enim
433 521 587 581 eonsilium
601 521 741 599 voluptas,
761 520 867 579 rationi
888 520 987 581 inimi·

196 636 247 689 οη
262 617 476 696 sementis(ut
490 619 531 677 ita
543 618 654 699 denuo
677 617 984 696 prestringitoeulos3
1088 684 1089 687 Ἴ

195 733 252 773 nee
265 715 353 773 habet
365 715 455 774 ullum
475 733 542 773 eum
556 714 660 783 virtute
677 714 895 773 summereium.
935 713 986 775 In·
1075 710 1089 739 ³

164 827 181 876 5
195 811 270 870 vitus
283 811 399 889 quidem
413 810 480 884 feei,
495 820 527 869 ut
541 810 689 870 fortissimi
702 810 756 868 viri
770 810 808 870 Τ.
824 809 984 878 Flaminini

195 908 322 982 fratrem,
349 908 383 967 L.
417 906 624 980 Flamininum,
651 926 668 965 e
701 917 802 966 senatu
836 907 983 983 ejicerem,

195 1015 306 1081 septem
342 1003 425 1083 annis
456 1013 608 1080 postquam
641 1002 743 1062 eonsul
778 1003 895 1062 finisset:
931 1004 984 1063 sed

194 1086 361 1160 tatame-
377 1100 475 1177 putavi
501 1100 660 1159 auianum.
715 1099 769 1158 lue
795 1100 886 1173 enim,
914 1119 983 1160 oum

193 1207 270 1256 esset
289 1197 401 1269 eonsul,
423 1198 453 1256 in
472 1197 569 1256 Gallis
595 1207 729 1256 exoratus
749 1197 779 1255 in
806 1198 938 1257 convivio
965 1217 984 1256 a

147 1295 180 1375 19
194 1304 289 1353 senato
309 1305 362 1367 est,
383 1305 416 1353 ut
434 1294 529 1353 securi
549 1293 647 1353 feriret
668 1293 789 1371 aliquem
808 1312 918 1367 eorum,
932 1295 983 1371 qui

194 1390 225 1450 in
244 1390 369 1450 vinealis
387 1402 494 1465 essent,
515 1390 643 1449 damnati
666 1390 709 1449 rei
729 1390 868 1467 capitalis.
910 1390 982 1463 Hie,

193 1487 275 1561 Tito,
289 1488 376 1547 fratre
389 1508 452 1562 suo,
467 1506 597 1560 censore,
613 1486 675 1567 (qui
694 1489 842 1566 proximus
856 1499 921 1547 ante
936 1508 983 1546 me

193 1584 301 1668 fuerat)
321 1585 435 1663 elapsus
454 1596 515 1644 est:
536 1585 608 1644 mihi
627 1603 696 1642 vero
715 1594 744 1644 et
764 1585 872 1643 Flaeen
889 1585 983 1643 neuti-

192 1701 279 1758 quam
291 1683 408 1760 probari
420 1683 514 1760 potuit
527 1691 585 1740 tam
596 1681 740 1758 flagitiosa
753 1690 782 1739 et
796 1691 854 1739 tam
867 1681 983 1757 perdita
1076 1702 1079 1707 ·

148 1787 179 1836 15
193 1778 295 1851 iibido,
315 1799 378 1854 quae
399 1798 465 1843 eum
478 1779 584 1855 probro
596 1778 709 1854 privato
726 1776 916 1855 eonjungeret
930 1777 982 1836 im·

192 1873 267 1951 petii
281 1873 416 1931 dedecus.
448 1950 453 1963 Ι
580 1948 585 1961 ἱ

232 2063 319 2124 XIII.
360 2066 445 2142 Saepe
465 2065 561 2124 audivi
581 2085 598 2124 a
618 2065 772 2143 majoribus
792 2076 872 2140 natu,
885 2068 935 2143 qui
948 2084 981 2126 se

192 2179 280 2240 porro
298 2181 404 2238 pueros
425 2152 572 2221 ssenibus
593 2161 706 2221 audisse
720 2163 867 2237 dicebant,
881 2165 980 2223 mirari

146 2268 179 2321 20
193 2259 310 2318 solitum
330 2258 365 2317 Ο.
386 2258 563 2331 Fabricium,
585 2259 671 2337 quod,
693 2278 759 2318 eum
781 2259 856 2338 apud
880 2279 978 2338 regem

192 2355 335 2433 Pyrrhum
367 2355 480 2433 legatus
512 2366 597 2429 esset,
626 2355 753 2415 audisset
786 2375 804 2415 a
835 2356 980 2416 Thessalo

193 2452 298 2525 Cinei,
313 2470 376 2509 esse
389 2452 540 2529 quemdam
554 2453 688 2525 Athenis,
702 2453 751 2529 qui
769 2472 800 2512 se
820 2454 980 2529 sapientem

192 2548 388 2626 profiteretur;
409 2532 531 2626 eumque
544 2549 652 2623 dicere,
667 2549 774 2622 omnia,
788 2569 850 2627 quae
872 2550 981 2609 faeere·

193 2665 268 2719 mus,
283 2645 318 2703 ad
333 2645 505 2722 voluptatem
525 2666 588 2705 esse
609 2646 775 2705 referenda:
796 2647 874 2722 quod
887 2666 923 2706 ex
943 2665 980 2705 eo

147 2741 179 2792 ὕ
194 2742 353 2817 audientes,
364 2740 406 2800 Μ’
417 2742 538 2801 Curium
551 2755 580 2802 et
593 2742 642 2802 Ti.
652 2742 869 2801 Coruncanium
880 2753 980 2820 optare

193 2840 303 2913 solitas,
317 2850 349 2898 ut
369 2840 398 2899 id
419 2841 596 2899 Samnitibus
615 2838 727 2918 ipsique
740 2838 851 2915 Pyrrho
864 2859 980 2916 persua-

194 2935 325 3008 deretur;
359 2957 417 3014 quo
444 2937 558 2996 facilius
584 2935 662 2994 vinci
696 2945 824 3012 possent,
852 2954 920 2994 eum
947 2955 979 2993 se

193 3033 386 3111 vuluptatibus
399 3034 553 3095 dedissent.
594 3032 714 3114 {isserat
733 3031 775 3090 Μ’
785 3031 891 3090 Curius
912 3050 980 3091 eum
