2186 3532
353 262 398 309 nt:
418 261 621 310 sancctum
894 251 934 308 47

101 429 184 469 suum
221 410 333 483 eadem,
361 430 425 486 quae
452 411 673 489 coagmentavit,
701 422 804 470 natura
831 411 888 469 dis-

100 507 192 567 solvit
234 507 275 566 Ut
295 527 408 580 narem,
431 518 463 566 nt
485 508 650 582 edificium,
665 509 741 567 idem
765 508 888 568 destruit

100 604 247 679 facillime,
272 605 322 682 qui
348 605 518 678 construxit,
541 606 584 664 sic
612 606 757 664 hominem
784 606 886 664 eadem

100 703 219 780 optime,
258 722 322 778 que
355 703 576 780 conglutinavit,
610 713 714 761 natura
746 703 885 761 dissolvit.

99 798 167 858 lam
181 798 275 857 omnis
289 799 498 877 conglutinatio
512 816 614 858 recens
628 819 715 877 aegre,
730 798 918 858 inveterata5

100 895 195 969 facile,
210 896 362 955 divellitur.
403 896 449 954 Ita
462 896 504 970 tit,
519 906 550 954 ut
564 896 635 955 illud
649 898 735 954 breve
747 897 810 955 rite
822 897 887 955 reli·

100 1008 188 1070 (prum
209 1012 265 1052 nec
288 993 369 1051 aride
393 993 584 1071 appetendum
603 994 730 1067 senibus,
745 1014 801 1053 nec
823 994 886 1053 sine

100 1090 188 1149 censa
215 1091 405 1150 deserendum
432 1091 477 1150 sit.
527 1092 672 1167 Vetatquo
698 1091 885 1170 Pythagoras,

99 1187 209 1265 injussu
220 1188 413 1265 imperatoris,
430 1187 474 1267 (id
489 1197 542 1261 est,
557 1189 627 1269 Dei)
643 1189 680 1248 de
699 1189 835 1265 presidio
855 1200 885 1248 et

99 1286 223 1344 statione
235 1285 301 1344 vitm
314 1286 464 1344 decedere.
506 1284 623 1344 Solonis
643 1286 760 1362 quidem
774 1287 885 1362 sapien·
901 1290 931 1341 10

98 1382 135 1441 tis
149 1383 276 1460 elogium
291 1393 343 1453 est,
358 1402 417 1458 quo
430 1401 461 1439 se
472 1392 559 1458 negat
573 1383 646 1440 velle
662 1402 742 1440 suam
764 1394 885 1441 mortem

99 1477 199 1536 dolore
227 1477 386 1536 amicorum
420 1486 450 1534 et
482 1476 615 1534 lamentis
649 1495 760 1535 vacare.
815 1478 886 1536 Vult

101 1574 217 1653 (oredo)
233 1594 264 1630 se
277 1592 341 1630 esse
355 1589 454 1630 carum
475 1572 543 1630 suis.
585 1572 643 1630 Sed
665 1572 741 1630 haud
762 1572 834 1645 scio,
849 1593 886 1632 an

99 1670 203 1739 melius
217 1669 347 1729 Ennius:

117 1818 120 1823 >
153 1849 169 1876 “
180 1844 260 1895 Nemo
272 1860 311 1894 me
323 1843 439 1910 lacrymis
450 1845 558 1909 decoret,
569 1860 650 1910 nequa
661 1845 750 1894 funera
761 1845 821 1895 fletu
901 1857 932 1907 15

178 1925 278 1976 runt

99 2058 169 2119 Non
191 2071 290 2119 censet
314 2061 468 2139 lugendam
491 2081 555 2120 esse
578 2071 711 2135 mortem,
725 2082 811 2138 quam
833 2063 886 2122 im·

99 2158 258 2217 mortalitas
271 2169 473 2233 consequatur.

138 2253 205 2313 lam
219 2273 320 2313 sensus
333 2254 468 2313 morienti
484 2254 587 2331 aliquis
600 2273 664 2313 esse
683 2265 788 2332 potest,
803 2255 885 2330 isque

100 2350 136 2409 ad
150 2350 287 2429 exiguum
300 2360 423 2427 tempus,
437 2351 595 2427 presertim
619 2351 701 2410 seni:
722 2361 787 2428 post
810 2364 886 2408 mor·
901 2363 933 2413 2⁰

98 2459 158 2507 tem
172 2447 298 2524 quidem,
313 2467 414 2507 sensus
429 2457 480 2506 aut
491 2448 634 2524 optandus
650 2458 699 2506 ant
718 2448 884 2506 nulluseat.

99 2544 160 2603 Sed
174 2544 231 2611 hoc
242 2544 411 2602 meditatum
433 2545 468 2602 ab
489 2544 685 2604 adolescentid
705 2544 792 2604 debet
812 2562 886 2615 esse,

100 2632 222 2700 mortem
237 2629 274 2698 ‘irt
289 2616 492 2719 'legitimum
522 2640 585 2700 sine
609 2642 666 2718 qud
688 2640 885 2711 meditatione,

100 2736 256 2813 tranquillo
270 2757 332 2795 esse
347 2737 443 2797 animo
456 2757 542 2797 nemo
555 2748 658 2816 potest.
700 2736 886 2795 Moriendum
974 2736 978 2743 ’

100 2834 180 2893 enim
195 2844 273 2892 certe
287 2844 345 2906 est3
365 2846 397 2893 et
414 2835 444 2894 id
466 2834 620 2908 incertum,
636 2854 672 2893 an
693 2853 729 2892 eo
744 2833 806 2910 ipso
829 2832 885 2891 die.
902 2848 933 2898 25

101 2930 228 2990 Mortem
251 2930 338 3008 igitur
360 2932 494 2991 omnibus
515 2932 594 2991 horis
614 2930 828 3008 impendentem
851 2929 887 2988 ti·

101 3046 193 3104 mens,
217 3026 267 3106 qul
287 3028 393 3107 poterit
420 3029 517 3089 animo
543 3028 722 3088 consisteret
762 3026 809 3086 De
829 3027 887 3105 qut
