<?xml version="1.0" encoding="UTF-8"?>
<!DOCTYPE html PUBLIC "-//W3C//DTD XHTML 1.0 Transitional//EN"
    "http://www.w3.org/TR/xhtml1/DTD/xhtml1-transitional.dtd">
<html xmlns="http://www.w3.org/1999/xhtml" xml:lang="en" lang="en">
 <head>
  <title>
</title>
<meta http-equiv="Content-Type" content="text/html;charset=utf-8" />
  <meta name='ocr-system' content='tesseract 3.04.00' />
  <meta name='ocr-capabilities' content='ocr_page ocr_carea ocr_par ocr_line ocrx_word'/>
</head>
<body>
  <div class='ocr_page' id='page_1' title='image "./desenectuteetde00cicegoog_0065.png"; bbox 0 0 2186 3532; ppageno 0'>
   <div class='ocr_carea' id='block_1_1' title="bbox 158 248 836 320">
    <p class='ocr_par' dir='ltr' id='par_1_1' title="bbox 158 248 836 320">
     <span class='ocr_line' id='line_1_1' title="bbox 158 248 836 320; baseline -0.004 -10"><span class='ocrx_word' id='word_1_1' title='bbox 158 248 198 310; x_wconf 79' lang='grc'>68</span> <span class='ocrx_word' id='word_1_2' title='bbox 360 261 500 320; x_wconf 69' lang='lat' dir='ltr'>ammos,</span> <span class='ocrx_word' id='word_1_3' title='bbox 517 261 591 309; x_wconf 77' lang='lat' dir='ltr'>swa</span> <span class='ocrx_word' id='word_1_4' title='bbox 616 261 660 308; x_wconf 80' lang='lat' dir='ltr'>ns</span> <span class='ocrx_word' id='word_1_5' title='bbox 678 261 836 308; x_wconf 73' lang='lat' dir='ltr'>aaronis.</span> 
     </span>
    </p>
   </div>
   <div class='ocr_carea' id='block_1_2' title="bbox 157 407 1074 1453">
    <p class='ocr_par' dir='ltr' id='par_1_2' title="bbox 157 407 1074 1453">
     <span class='ocr_line' id='line_1_2' title="bbox 203 407 1074 486; baseline 0 -20"><span class='ocrx_word' id='word_1_6' title='bbox 203 417 263 467; x_wconf 86' lang='lat' dir='ltr'>tum</span> <span class='ocrx_word' id='word_1_7' title='bbox 285 424 347 466; x_wconf 85' lang='lat' dir='ltr'>esse</span> <span class='ocrx_word' id='word_1_8' title='bbox 368 408 549 484; x_wconf 84' lang='lat' dir='ltr'><strong>sapientem:</strong></span> <span class='ocrx_word' id='word_1_9' title='bbox 580 409 631 468; x_wconf 85' lang='lat' dir='ltr'>sed</span> <span class='ocrx_word' id='word_1_10' title='bbox 653 419 771 486; x_wconf 88' lang='lat' dir='ltr'>uterque</span> <span class='ocrx_word' id='word_1_11' title='bbox 793 408 848 467; x_wconf 85' lang='lat' dir='ltr'>alio</span> <span class='ocrx_word' id='word_1_12' title='bbox 867 407 996 485; x_wconf 83' lang='lat' dir='ltr'>quodam</span> <span class='ocrx_word' id='word_1_13' title='bbox 1073 472 1074 475; x_wconf 8' lang='grc' dir='ltr'><strong>Ἴ</strong></span> 
     </span>
     <span class='ocr_line' id='line_1_3' title="bbox 203 503 995 583; baseline -0.001 -20"><span class='ocrx_word' id='word_1_14' title='bbox 203 504 308 563; x_wconf 89' lang='lat' dir='ltr'>modo:</span> <span class='ocrx_word' id='word_1_15' title='bbox 329 505 447 578; x_wconf 86' lang='lat' dir='ltr'>Atilius,</span> <span class='ocrx_word' id='word_1_16' title='bbox 463 506 531 583; x_wconf 89' lang='lat' dir='ltr'>quia</span> <span class='ocrx_word' id='word_1_17' title='bbox 549 505 676 583; x_wconf 87' lang='lat' dir='ltr'>prudens</span> <span class='ocrx_word' id='word_1_18' title='bbox 696 525 760 564; x_wconf 85' lang='lat' dir='ltr'>esse</span> <span class='ocrx_word' id='word_1_19' title='bbox 780 504 811 564; x_wconf 91' lang='lat' dir='ltr'>in</span> <span class='ocrx_word' id='word_1_20' title='bbox 828 505 894 582; x_wconf 85' lang='lat' dir='ltr'>jure</span> <span class='ocrx_word' id='word_1_21' title='bbox 914 503 995 563; x_wconf 85' lang='lat' dir='ltr'>civili</span> 
     </span>
     <span class='ocr_line' id='line_1_4' title="bbox 202 601 997 678; baseline 0 -19"><span class='ocrx_word' id='word_1_22' title='bbox 202 602 371 678; x_wconf 86' lang='lat' dir='ltr'>putabatnr;</span> <span class='ocrx_word' id='word_1_23' title='bbox 394 602 476 674; x_wconf 85' lang='lat' dir='ltr'>Cato,</span> <span class='ocrx_word' id='word_1_24' title='bbox 491 602 559 678; x_wconf 86' lang='lat' dir='ltr'>qnia</span> <span class='ocrx_word' id='word_1_25' title='bbox 572 601 726 660; x_wconf 88' lang='lat' dir='ltr'>multarum</span> <span class='ocrx_word' id='word_1_26' title='bbox 739 621 834 661; x_wconf 88' lang='lat' dir='ltr'>rernm</span> <span class='ocrx_word' id='word_1_27' title='bbox 848 620 932 659; x_wconf 85' lang='lat' dir='ltr'>usum</span> <span class='ocrx_word' id='word_1_28' title='bbox 946 601 997 659; x_wconf 85' lang='lat' dir='ltr'>ha·</span> 
     </span>
     <span class='ocr_line' id='line_1_5' title="bbox 203 696 997 775; baseline 0.001 -21"><span class='ocrx_word' id='word_1_29' title='bbox 203 698 298 756; x_wconf 88' lang='lat' dir='ltr'>bebat.</span> <span class='ocrx_word' id='word_1_30' title='bbox 328 696 423 757; x_wconf 87' lang='lat' dir='ltr'>Multa</span> <span class='ocrx_word' id='word_1_31' title='bbox 436 699 508 775; x_wconf 89' lang='lat' dir='ltr'>ejus,</span> <span class='ocrx_word' id='word_1_32' title='bbox 519 708 548 756; x_wconf 93' lang='lat' dir='ltr'>et</span> <span class='ocrx_word' id='word_1_33' title='bbox 559 698 589 756; x_wconf 89' lang='lat' dir='ltr'>in</span> <span class='ocrx_word' id='word_1_34' title='bbox 600 708 701 757; x_wconf 84' lang='lat' dir='ltr'>senatu</span> <span class='ocrx_word' id='word_1_35' title='bbox 712 708 741 756; x_wconf 88' lang='lat' dir='ltr'>et</span> <span class='ocrx_word' id='word_1_36' title='bbox 752 698 781 755; x_wconf 92' lang='lat' dir='ltr'>in</span> <span class='ocrx_word' id='word_1_37' title='bbox 793 697 864 770; x_wconf 83' lang='lat' dir='ltr'>soro,</span> <span class='ocrx_word' id='word_1_38' title='bbox 875 697 919 755; x_wconf 87' lang='lat' dir='ltr'>vel</span> <span class='ocrx_word' id='word_1_39' title='bbox 929 715 997 774; x_wconf 88' lang='lat' dir='ltr'>pro-</span> 
     </span>
     <span class='ocr_line' id='line_1_6' title="bbox 157 793 996 872; baseline -0.002 -19"><span class='ocrx_word' id='word_1_40' title='bbox 157 802 175 853; x_wconf 80' lang='lat'><strong>5</strong></span> <span class='ocrx_word' id='word_1_41' title='bbox 203 793 264 854; x_wconf 80' lang='lat' dir='ltr'>visa</span> <span class='ocrx_word' id='word_1_42' title='bbox 283 795 449 872; x_wconf 83' lang='lat' dir='ltr'>prudenter,</span> <span class='ocrx_word' id='word_1_43' title='bbox 464 793 507 853; x_wconf 86' lang='lat' dir='ltr'>vel</span> <span class='ocrx_word' id='word_1_44' title='bbox 523 804 588 852; x_wconf 85' lang='lat' dir='ltr'>acta</span> <span class='ocrx_word' id='word_1_45' title='bbox 608 803 784 866; x_wconf 72' lang='lat' dir='ltr'>constanter,</span> <span class='ocrx_word' id='word_1_46' title='bbox 798 794 843 852; x_wconf 87' lang='lat' dir='ltr'>vel</span> <span class='ocrx_word' id='word_1_47' title='bbox 857 813 996 871; x_wconf 83' lang='lat' dir='ltr'>responsa</span> 
     </span>
     <span class='ocr_line' id='line_1_7' title="bbox 204 889 995 968; baseline -0.001 -18"><span class='ocrx_word' id='word_1_48' title='bbox 204 905 299 964; x_wconf 85' lang='lat' dir='ltr'>acute,</span> <span class='ocrx_word' id='word_1_49' title='bbox 321 891 492 949; x_wconf 85' lang='lat' dir='ltr'>ferebantur.</span> <span class='ocrx_word' id='word_1_50' title='bbox 540 889 707 968; x_wconf 82' lang='lat' dir='ltr'>Propterea,</span> <span class='ocrx_word' id='word_1_51' title='bbox 728 890 809 968; x_wconf 87' lang='lat' dir='ltr'>qnasi</span> <span class='ocrx_word' id='word_1_52' title='bbox 830 909 995 968; x_wconf 80' lang='lat' dir='ltr'>cognomen</span> 
     </span>
     <span class='ocr_line' id='line_1_8' title="bbox 200 986 995 1068; baseline -0.004 -20"><span class='ocrx_word' id='word_1_53' title='bbox 200 989 259 1068; x_wconf 79' lang='lat' dir='ltr'>jam</span> <span class='ocrx_word' id='word_1_54' title='bbox 281 988 405 1046; x_wconf 85' lang='lat' dir='ltr'>habebat</span> <span class='ocrx_word' id='word_1_55' title='bbox 425 987 454 1046; x_wconf 85' lang='lat' dir='ltr'>in</span> <span class='ocrx_word' id='word_1_56' title='bbox 474 997 625 1045; x_wconf 74' lang='lat' dir='ltr'>senectute</span> <span class='ocrx_word' id='word_1_57' title='bbox 645 987 793 1064; x_wconf 80' lang='lat' dir='ltr'>sapientis.</span> <span class='ocrx_word' id='word_1_58' title='bbox 834 986 882 1045; x_wconf 87' lang='lat' dir='ltr'>Te</span> <span class='ocrx_word' id='word_1_59' title='bbox 897 997 995 1045; x_wconf 84' lang='lat' dir='ltr'>autem</span> 
     </span>
     <span class='ocr_line' id='line_1_9' title="bbox 203 1083 995 1160; baseline -0.001 -17"><span class='ocrx_word' id='word_1_60' title='bbox 203 1085 260 1143; x_wconf 81' lang='lat' dir='ltr'>alio</span> <span class='ocrx_word' id='word_1_61' title='bbox 274 1084 399 1160; x_wconf 88' lang='lat' dir='ltr'>quodam</span> <span class='ocrx_word' id='word_1_62' title='bbox 417 1083 504 1142; x_wconf 88' lang='lat' dir='ltr'>modo</span> <span class='ocrx_word' id='word_1_63' title='bbox 524 1084 635 1157; x_wconf 87' lang='lat' dir='ltr'>dicuat,</span> <span class='ocrx_word' id='word_1_64' title='bbox 649 1103 709 1142; x_wconf 92' lang='lat' dir='ltr'>non</span> <span class='ocrx_word' id='word_1_65' title='bbox 730 1083 822 1143; x_wconf 83' lang='lat' dir='ltr'>solam</span> <span class='ocrx_word' id='word_1_66' title='bbox 841 1083 944 1145; x_wconf 64' lang='lat' dir='ltr'>natura</span> <span class='ocrx_word' id='word_1_67' title='bbox 965 1093 995 1142; x_wconf 86' lang='lat' dir='ltr'>et</span> 
     </span>
     <span class='ocr_line' id='line_1_10' title="bbox 202 1180 994 1254; baseline 0.001 -15"><span class='ocrx_word' id='word_1_68' title='bbox 202 1181 341 1254; x_wconf 86' lang='lat' dir='ltr'>moribus,</span> <span class='ocrx_word' id='word_1_69' title='bbox 365 1200 463 1240; x_wconf 74' lang='lat' dir='ltr'>rerum</span> <span class='ocrx_word' id='word_1_70' title='bbox 487 1180 575 1239; x_wconf 81' lang='lat' dir='ltr'>etiam</span> <span class='ocrx_word' id='word_1_71' title='bbox 598 1181 695 1240; x_wconf 81' lang='lat' dir='ltr'>studio</span> <span class='ocrx_word' id='word_1_72' title='bbox 715 1191 744 1238; x_wconf 88' lang='lat' dir='ltr'>et</span> <span class='ocrx_word' id='word_1_73' title='bbox 764 1180 908 1254; x_wconf 61' lang='lat' dir='ltr'>doctrino,</span> <span class='ocrx_word' id='word_1_74' title='bbox 930 1199 994 1240; x_wconf 86' lang='lat' dir='ltr'>esse</span> 
     </span>
     <span class='ocr_line' id='line_1_11' title="bbox 157 1277 995 1357; baseline 0.002 -23"><span class='ocrx_word' id='word_1_75' title='bbox 157 1283 189 1334; x_wconf 84' lang='lat'>10</span> <span class='ocrx_word' id='word_1_76' title='bbox 202 1278 377 1355; x_wconf 79' lang='lat' dir='ltr'>sapientem3</span> <span class='ocrx_word' id='word_1_77' title='bbox 394 1297 451 1337; x_wconf 86' lang='lat' dir='ltr'>neo</span> <span class='ocrx_word' id='word_1_78' title='bbox 464 1278 541 1337; x_wconf 88' lang='lat' dir='ltr'>sicut</span> <span class='ocrx_word' id='word_1_79' title='bbox 551 1277 663 1357; x_wconf 77' lang='lat' dir='ltr'>vulgus,</span> <span class='ocrx_word' id='word_1_80' title='bbox 674 1278 725 1336; x_wconf 90' lang='lat' dir='ltr'>sed</span> <span class='ocrx_word' id='word_1_81' title='bbox 740 1288 772 1336; x_wconf 90' lang='lat' dir='ltr'>nt</span> <span class='ocrx_word' id='word_1_82' title='bbox 786 1277 891 1336; x_wconf 82' lang='lat' dir='ltr'>eruditi</span> <span class='ocrx_word' id='word_1_83' title='bbox 901 1278 995 1337; x_wconf 72' lang='lat' dir='ltr'>solens</span> 
     </span>
     <span class='ocr_line' id='line_1_12' title="bbox 202 1374 995 1453; baseline 0 -20"><span class='ocrx_word' id='word_1_84' title='bbox 202 1375 347 1453; x_wconf 88' lang='lat' dir='ltr'>appellare</span> <span class='ocrx_word' id='word_1_85' title='bbox 372 1375 542 1453; x_wconf 88' lang='lat' dir='ltr'>sapientem,</span> <span class='ocrx_word' id='word_1_86' title='bbox 563 1375 676 1452; x_wconf 82' lang='lat' dir='ltr'>qualem</span> <span class='ocrx_word' id='word_1_87' title='bbox 697 1374 728 1433; x_wconf 90' lang='lat' dir='ltr'>in</span> <span class='ocrx_word' id='word_1_88' title='bbox 748 1375 859 1452; x_wconf 74' lang='lat' dir='ltr'>reliqua</span> <span class='ocrx_word' id='word_1_89' title='bbox 878 1374 995 1433; x_wconf 63' lang='lat' dir='ltr'>(irascit</span> 
     </span>
    </p>
   </div>
   <div class='ocr_carea' id='block_1_3' title="bbox 202 1470 994 1747">
    <p class='ocr_par' dir='ltr' id='par_1_3' title="bbox 202 1470 994 1747">
     <span class='ocr_line' id='line_1_13' title="bbox 202 1470 994 1551; baseline -0.003 -19"><span class='ocrx_word' id='word_1_90' title='bbox 202 1472 349 1532; x_wconf 85' lang='lat' dir='ltr'>nominem</span> <span class='ocrx_word' id='word_1_91' title='bbox 364 1470 446 1551; x_wconf 88' lang='lat' dir='ltr'>(nam</span> <span class='ocrx_word' id='word_1_92' title='bbox 466 1473 515 1550; x_wconf 90' lang='lat' dir='ltr'>qni</span> <span class='ocrx_word' id='word_1_93' title='bbox 535 1483 646 1551; x_wconf 87' lang='lat' dir='ltr'>septem</span> <span class='ocrx_word' id='word_1_94' title='bbox 664 1472 853 1550; x_wconf 83' lang='lat' dir='ltr'>appellantur,</span> <span class='ocrx_word' id='word_1_95' title='bbox 867 1490 929 1546; x_wconf 87' lang='lat' dir='ltr'>eos,</span> <span class='ocrx_word' id='word_1_96' title='bbox 942 1471 994 1548; x_wconf 84' lang='lat' dir='ltr'>qui</span> 
     </span>
     <span class='ocr_line' id='line_1_14' title="bbox 202 1567 993 1646; baseline -0.003 -18"><span class='ocrx_word' id='word_1_97' title='bbox 202 1568 258 1628; x_wconf 83' lang='lat' dir='ltr'>ista</span> <span class='ocrx_word' id='word_1_98' title='bbox 270 1569 404 1629; x_wconf 86' lang='lat' dir='ltr'>subtilius</span> <span class='ocrx_word' id='word_1_99' title='bbox 418 1568 559 1646; x_wconf 81' lang='lat' dir='ltr'>qaaernnt,</span> <span class='ocrx_word' id='word_1_100' title='bbox 570 1568 601 1627; x_wconf 91' lang='lat' dir='ltr'>in</span> <span class='ocrx_word' id='word_1_101' title='bbox 615 1587 736 1628; x_wconf 87' lang='lat' dir='ltr'>numero</span> <span class='ocrx_word' id='word_1_102' title='bbox 746 1567 920 1646; x_wconf 88' lang='lat' dir='ltr'>sapientium</span> <span class='ocrx_word' id='word_1_103' title='bbox 932 1585 993 1627; x_wconf 89' lang='lat' dir='ltr'>non</span> 
     </span>
     <span class='ocr_line' id='line_1_15' title="bbox 202 1663 994 1747; baseline -0.001 -22"><span class='ocrx_word' id='word_1_104' title='bbox 202 1666 343 1747; x_wconf 86' lang='lat' dir='ltr'>habent);</span> <span class='ocrx_word' id='word_1_105' title='bbox 364 1666 489 1725; x_wconf 82' lang='lat' dir='ltr'>Athenis</span> <span class='ocrx_word' id='word_1_106' title='bbox 510 1685 600 1724; x_wconf 86' lang='lat' dir='ltr'>onum</span> <span class='ocrx_word' id='word_1_107' title='bbox 621 1665 796 1743; x_wconf 84' lang='lat' dir='ltr'>accepimns,</span> <span class='ocrx_word' id='word_1_108' title='bbox 810 1675 840 1724; x_wconf 86' lang='lat' dir='ltr'>et</span> <span class='ocrx_word' id='word_1_109' title='bbox 853 1683 919 1723; x_wconf 89' lang='lat' dir='ltr'>enm</span> <span class='ocrx_word' id='word_1_110' title='bbox 928 1663 994 1742; x_wconf 63' lang='lat' dir='ltr'>tini·</span> 
     </span>
    </p>
   </div>
   <div class='ocr_carea' id='block_1_4' title="bbox 145 1760 993 3091">
    <p class='ocr_par' dir='ltr' id='par_1_4' title="bbox 157 1760 993 2229">
     <span class='ocr_line' id='line_1_16' title="bbox 157 1760 991 1838; baseline -0.001 -16"><span class='ocrx_word' id='word_1_111' title='bbox 157 1772 189 1823; x_wconf 83' lang='lat'>15</span> <span class='ocrx_word' id='word_1_112' title='bbox 203 1762 269 1820; x_wconf 90' lang='lat' dir='ltr'>dem</span> <span class='ocrx_word' id='word_1_113' title='bbox 288 1763 376 1821; x_wconf 86' lang='lat' dir='ltr'>etiam</span> <span class='ocrx_word' id='word_1_114' title='bbox 394 1762 539 1838; x_wconf 84' lang='lat' dir='ltr'>Apollinis</span> <span class='ocrx_word' id='word_1_115' title='bbox 553 1760 672 1820; x_wconf 87' lang='lat' dir='ltr'>oraculo</span> <span class='ocrx_word' id='word_1_116' title='bbox 685 1760 929 1838; x_wconf 79' lang='lat' dir='ltr'>sapientissimum</span> <span class='ocrx_word' id='word_1_117' title='bbox 945 1760 991 1838; x_wconf 87' lang='lat' dir='ltr'>ju·</span> 
     </span>
     <span class='ocr_line' id='line_1_17' title="bbox 202 1857 992 1934; baseline 0 -18"><span class='ocrx_word' id='word_1_118' title='bbox 202 1858 340 1917; x_wconf 86' lang='lat' dir='ltr'>dicatum.</span> <span class='ocrx_word' id='word_1_119' title='bbox 382 1857 469 1917; x_wconf 86' lang='lat' dir='ltr'>Hanc</span> <span class='ocrx_word' id='word_1_120' title='bbox 482 1858 806 1934; x_wconf 80' lang='lat' dir='ltr'>esseintasnpieatiam</span> <span class='ocrx_word' id='word_1_121' title='bbox 816 1857 992 1932; x_wconf 81' lang='lat' dir='ltr'>existimant,</span> 
     </span>
     <span class='ocr_line' id='line_1_18' title="bbox 202 1953 993 2032; baseline 0 -17"><span class='ocrx_word' id='word_1_122' title='bbox 202 1964 234 2015; x_wconf 87' lang='lat' dir='ltr'>at</span> <span class='ocrx_word' id='word_1_123' title='bbox 256 1954 356 2014; x_wconf 87' lang='lat' dir='ltr'>omnia</span> <span class='ocrx_word' id='word_1_124' title='bbox 377 1963 429 2014; x_wconf 89' lang='lat' dir='ltr'>tua</span> <span class='ocrx_word' id='word_1_125' title='bbox 452 1954 481 2012; x_wconf 90' lang='lat' dir='ltr'>in</span> <span class='ocrx_word' id='word_1_126' title='bbox 505 1964 535 2012; x_wconf 88' lang='lat' dir='ltr'>te</span> <span class='ocrx_word' id='word_1_127' title='bbox 558 1953 652 2031; x_wconf 87' lang='lat' dir='ltr'>posita</span> <span class='ocrx_word' id='word_1_128' title='bbox 673 1953 772 2027; x_wconf 84' lang='lat' dir='ltr'>ducas,</span> <span class='ocrx_word' id='word_1_129' title='bbox 795 1954 993 2032; x_wconf 85' lang='lat' dir='ltr'>humanosque</span> 
     </span>
     <span class='ocr_line' id='line_1_19' title="bbox 202 2050 992 2128; baseline -0.001 -17"><span class='ocrx_word' id='word_1_130' title='bbox 202 2070 288 2111; x_wconf 85' lang='lat' dir='ltr'>casus</span> <span class='ocrx_word' id='word_1_131' title='bbox 315 2052 418 2110; x_wconf 87' lang='lat' dir='ltr'>virtute</span> <span class='ocrx_word' id='word_1_132' title='bbox 446 2050 596 2109; x_wconf 80' lang='lat' dir='ltr'>inferiores</span> <span class='ocrx_word' id='word_1_133' title='bbox 622 2061 715 2128; x_wconf 85' lang='lat' dir='ltr'>putes.</span> <span class='ocrx_word' id='word_1_134' title='bbox 754 2050 856 2128; x_wconf 83' lang='lat' dir='ltr'>Itaque</span> <span class='ocrx_word' id='word_1_135' title='bbox 881 2069 918 2110; x_wconf 84' lang='lat' dir='ltr'>ex</span> <span class='ocrx_word' id='word_1_136' title='bbox 943 2070 992 2110; x_wconf 88' lang='lat' dir='ltr'>me</span> 
     </span>
     <span class='ocr_line' id='line_1_20' title="bbox 201 2147 992 2229; baseline 0.001 -22"><span class='ocrx_word' id='word_1_137' title='bbox 201 2159 341 2226; x_wconf 69' lang='lat' dir='ltr'>quaerunt,</span> <span class='ocrx_word' id='word_1_138' title='bbox 363 2147 477 2226; x_wconf 90' lang='lat' dir='ltr'>(credo,</span> <span class='ocrx_word' id='word_1_139' title='bbox 495 2147 564 2207; x_wconf 88' lang='lat' dir='ltr'>item</span> <span class='ocrx_word' id='word_1_140' title='bbox 585 2157 680 2219; x_wconf 82' lang='lat' dir='ltr'>exte,</span> <span class='ocrx_word' id='word_1_141' title='bbox 699 2147 844 2229; x_wconf 76' lang='lat' dir='ltr'>Somvols)</span> <span class='ocrx_word' id='word_1_142' title='bbox 865 2167 992 2225; x_wconf 87' lang='lat' dir='ltr'>quonam</span> 
     </span>
    </p>

    <p class='ocr_par' dir='ltr' id='par_1_5' title="bbox 155 2245 992 2611">
     <span class='ocr_line' id='line_1_21' title="bbox 155 2245 990 2325; baseline 0.002 -20"><span class='ocrx_word' id='word_1_143' title='bbox 155 2261 189 2313; x_wconf 73' lang='lat'>20</span> <span class='ocrx_word' id='word_1_144' title='bbox 201 2257 288 2325; x_wconf 87' lang='lat' dir='ltr'>pacto</span> <span class='ocrx_word' id='word_1_145' title='bbox 302 2258 424 2304; x_wconf 86' lang='lat' dir='ltr'>mortem</span> <span class='ocrx_word' id='word_1_146' title='bbox 438 2245 570 2305; x_wconf 87' lang='lat' dir='ltr'>Africani</span> <span class='ocrx_word' id='word_1_147' title='bbox 585 2245 670 2318; x_wconf 80' lang='lat' dir='ltr'>feras,</span> <span class='ocrx_word' id='word_1_148' title='bbox 684 2263 776 2320; x_wconf 89' lang='lat' dir='ltr'>eoquo</span> <span class='ocrx_word' id='word_1_149' title='bbox 790 2245 892 2322; x_wconf 76' lang='lat' dir='ltr'>magis,</span> <span class='ocrx_word' id='word_1_150' title='bbox 903 2246 990 2321; x_wconf 80' lang='lat' dir='ltr'>quod,</span> 
     </span>
     <span class='ocr_line' id='line_1_22' title="bbox 202 2339 991 2420; baseline -0.001 -18"><span class='ocrx_word' id='word_1_151' title='bbox 202 2343 247 2402; x_wconf 90' lang='lat' dir='ltr'>his</span> <span class='ocrx_word' id='word_1_152' title='bbox 274 2342 412 2420; x_wconf 85' lang='lat' dir='ltr'>proximis</span> <span class='ocrx_word' id='word_1_153' title='bbox 438 2340 545 2413; x_wconf 89' lang='lat' dir='ltr'>Nonis,</span> <span class='ocrx_word' id='word_1_154' title='bbox 571 2360 638 2399; x_wconf 88' lang='lat' dir='ltr'>cnm</span> <span class='ocrx_word' id='word_1_155' title='bbox 665 2341 696 2399; x_wconf 91' lang='lat' dir='ltr'>in</span> <span class='ocrx_word' id='word_1_156' title='bbox 722 2341 821 2398; x_wconf 88' lang='lat' dir='ltr'>hortos</span> <span class='ocrx_word' id='word_1_157' title='bbox 844 2339 881 2400; x_wconf 93' lang='lat' dir='ltr'>D.</span> <span class='ocrx_word' id='word_1_158' title='bbox 906 2341 991 2407; x_wconf 78' lang='lat' dir='ltr'>Bruti</span> 
     </span>
     <span class='ocr_line' id='line_1_23' title="bbox 202 2435 992 2517; baseline -0.001 -19"><span class='ocrx_word' id='word_1_159' title='bbox 202 2438 329 2517; x_wconf 84' lang='lat' dir='ltr'>auguris,</span> <span class='ocrx_word' id='word_1_160' title='bbox 343 2437 559 2496; x_wconf 88' lang='lat' dir='ltr'>commentandi</span> <span class='ocrx_word' id='word_1_161' title='bbox 580 2435 681 2509; x_wconf 68' lang='lat' dir='ltr'>causi,</span> <span class='ocrx_word' id='word_1_162' title='bbox 692 2447 725 2494; x_wconf 91' lang='lat' dir='ltr'>ut</span> <span class='ocrx_word' id='word_1_163' title='bbox 738 2436 853 2509; x_wconf 86' lang='lat' dir='ltr'>assolet,</span> <span class='ocrx_word' id='word_1_164' title='bbox 866 2437 992 2497; x_wconf 87' lang='lat' dir='ltr'>venisse·</span> 
     </span>
     <span class='ocr_line' id='line_1_24' title="bbox 201 2532 991 2611; baseline -0.004 -15"><span class='ocrx_word' id='word_1_165' title='bbox 201 2555 276 2609; x_wconf 86' lang='lat' dir='ltr'>mas,</span> <span class='ocrx_word' id='word_1_166' title='bbox 297 2546 329 2595; x_wconf 89' lang='lat' dir='ltr'>tu</span> <span class='ocrx_word' id='word_1_167' title='bbox 349 2554 407 2594; x_wconf 90' lang='lat' dir='ltr'>non</span> <span class='ocrx_word' id='word_1_168' title='bbox 429 2533 545 2607; x_wconf 85' lang='lat' dir='ltr'>affuisti,</span> <span class='ocrx_word' id='word_1_169' title='bbox 565 2533 614 2610; x_wconf 90' lang='lat' dir='ltr'>qui</span> <span class='ocrx_word' id='word_1_170' title='bbox 635 2532 854 2611; x_wconf 84' lang='lat' dir='ltr'>diligentissime</span> <span class='ocrx_word' id='word_1_171' title='bbox 877 2552 991 2611; x_wconf 89' lang='lat' dir='ltr'>semper</span> 
     </span>
    </p>

    <p class='ocr_par' dir='ltr' id='par_1_6' title="bbox 145 2615 951 2703">
     <span class='ocr_line' id='line_1_25' title="bbox 145 2615 951 2703; baseline -0.004 -11"><span class='ocrx_word' id='word_1_172' title='bbox 145 2615 159 2675; x_wconf 60' lang='lat' dir='ltr'>i</span> <span class='ocrx_word' id='word_1_173' title='bbox 201 2633 283 2693; x_wconf 86' lang='lat' dir='ltr'>illum</span> <span class='ocrx_word' id='word_1_174' title='bbox 295 2632 382 2703; x_wconf 86' lang='lat' dir='ltr'>diem,</span> <span class='ocrx_word' id='word_1_175' title='bbox 397 2640 426 2690; x_wconf 89' lang='lat' dir='ltr'>et</span> <span class='ocrx_word' id='word_1_176' title='bbox 440 2629 510 2689; x_wconf 91' lang='lat' dir='ltr'>illud</span> <span class='ocrx_word' id='word_1_177' title='bbox 524 2649 639 2702; x_wconf 89' lang='lat' dir='ltr'>munus,</span> <span class='ocrx_word' id='word_1_178' title='bbox 654 2629 755 2688; x_wconf 87' lang='lat' dir='ltr'>solitus</span> <span class='ocrx_word' id='word_1_179' title='bbox 769 2649 847 2689; x_wconf 84' lang='lat' dir='ltr'>esses</span> <span class='ocrx_word' id='word_1_180' title='bbox 861 2629 951 2690; x_wconf 89' lang='lat' dir='ltr'>obire.</span> 
     </span>
    </p>

    <p class='ocr_par' dir='ltr' id='par_1_7' title="bbox 154 2696 992 3091">
     <span class='ocr_line' id='line_1_26' title="bbox 154 2696 990 2802; baseline -0.001 -16"><span class='ocrx_word' id='word_1_181' title='bbox 154 2696 188 2795; x_wconf 55' lang='lat'>{5</span> <span class='ocrx_word' id='word_1_182' title='bbox 240 2727 379 2786; x_wconf 73' lang='lat' dir='ltr'>Scoevolm</span> <span class='ocrx_word' id='word_1_183' title='bbox 420 2726 567 2790; x_wconf 75' lang='lat' dir='ltr'>Quarum</span> <span class='ocrx_word' id='word_1_184' title='bbox 589 2725 715 2802; x_wconf 85' lang='lat' dir='ltr'>quidem,</span> <span class='ocrx_word' id='word_1_185' title='bbox 736 2724 771 2784; x_wconf 87' lang='lat' dir='ltr'>C.</span> <span class='ocrx_word' id='word_1_186' title='bbox 792 2724 875 2799; x_wconf 83' lang='lat' dir='ltr'>Laeli,</span> <span class='ocrx_word' id='word_1_187' title='bbox 895 2725 990 2802; x_wconf 89' lang='lat' dir='ltr'>multi,</span> 
     </span>
     <span class='ocr_line' id='line_1_27' title="bbox 200 2821 989 2900; baseline -0.003 -17"><span class='ocrx_word' id='word_1_188' title='bbox 200 2835 233 2885; x_wconf 86' lang='lat' dir='ltr'>ut</span> <span class='ocrx_word' id='word_1_189' title='bbox 248 2834 292 2883; x_wconf 86' lang='lat' dir='ltr'>est</span> <span class='ocrx_word' id='word_1_190' title='bbox 311 2843 328 2882; x_wconf 86' lang='lat' dir='ltr'>a</span> <span class='ocrx_word' id='word_1_191' title='bbox 345 2823 460 2883; x_wconf 82' lang='lat' dir='ltr'>Fannio</span> <span class='ocrx_word' id='word_1_192' title='bbox 473 2822 601 2881; x_wconf 84' lang='lat' dir='ltr'>dictum:</span> <span class='ocrx_word' id='word_1_193' title='bbox 623 2821 673 2879; x_wconf 93' lang='lat' dir='ltr'>sed</span> <span class='ocrx_word' id='word_1_194' title='bbox 694 2839 750 2898; x_wconf 81' lang='lat' dir='ltr'>ego</span> <span class='ocrx_word' id='word_1_195' title='bbox 770 2821 800 2880; x_wconf 83' lang='lat' dir='ltr'>id</span> <span class='ocrx_word' id='word_1_196' title='bbox 820 2821 989 2900; x_wconf 85' lang='lat' dir='ltr'>respondeo,</span> 
     </span>
     <span class='ocr_line' id='line_1_28' title="bbox 200 2917 990 2997; baseline -0.003 -17"><span class='ocrx_word' id='word_1_197' title='bbox 200 2921 276 2997; x_wconf 89' lang='lat' dir='ltr'>qnod</span> <span class='ocrx_word' id='word_1_198' title='bbox 299 2919 496 2993; x_wconf 88' lang='lat' dir='ltr'>animadverti,</span> <span class='ocrx_word' id='word_1_199' title='bbox 513 2929 542 2978; x_wconf 88' lang='lat' dir='ltr'>te</span> <span class='ocrx_word' id='word_1_200' title='bbox 564 2917 704 2990; x_wconf 89' lang='lat' dir='ltr'>dolorem,</span> <span class='ocrx_word' id='word_1_201' title='bbox 723 2936 807 2993; x_wconf 85' lang='lat' dir='ltr'>qoem</span> <span class='ocrx_word' id='word_1_202' title='bbox 831 2918 990 2995; x_wconf 85' lang='lat' dir='ltr'>acceperis,</span> 
     </span>
     <span class='ocr_line' id='line_1_29' title="bbox 200 3013 992 3091; baseline -0.003 -14"><span class='ocrx_word' id='word_1_203' title='bbox 200 3035 268 3077; x_wconf 88' lang='lat' dir='ltr'>cnm</span> <span class='ocrx_word' id='word_1_204' title='bbox 291 3017 397 3076; x_wconf 83' lang='lat' dir='ltr'>summi</span> <span class='ocrx_word' id='word_1_205' title='bbox 421 3015 484 3091; x_wconf 84' lang='lat' dir='ltr'>viri,</span> <span class='ocrx_word' id='word_1_206' title='bbox 509 3026 571 3074; x_wconf 87' lang='lat' dir='ltr'>tum</span> <span class='ocrx_word' id='word_1_207' title='bbox 595 3013 763 3073; x_wconf 78' lang='lat' dir='ltr'>amicissimi</span> <span class='ocrx_word' id='word_1_208' title='bbox 790 3026 891 3090; x_wconf 85' lang='lat' dir='ltr'>morte,</span> <span class='ocrx_word' id='word_1_209' title='bbox 915 3015 992 3075; x_wconf 86' lang='lat' dir='ltr'>serre</span> 
     </span>
    </p>
   </div>
   <div class='ocr_carea' id='block_1_5' title="bbox 0 0 1098 3532">
    <p class='ocr_par' dir='ltr' id='par_1_8' title="bbox 0 0 1098 3532">
     <span class='ocr_line' id='line_1_30' title="bbox 0 0 1098 3532; baseline 0 1"><span class='ocrx_word' id='word_1_210' title='bbox 0 0 1098 3532; x_wconf 95' lang='lat' dir='ltr'> </span> 
     </span>
    </p>
   </div>
  </div>
 </body>
</html>
