2186 3532
144 226 187 291 st
423 243 525 292 >otro
543 243 659 302 umus,
674 238 737 292 sau

232 387 307 448 Hec
319 389 397 449 enim
412 391 474 468 ipsa
486 402 553 451 sunt
567 392 756 465 honorabilia,
765 409 828 468 qun
842 389 975 451 videntur

191 485 266 545 letis
286 497 371 563 atque
391 489 565 560 commtmis,
586 487 713 561 salutari,
735 487 840 565 appeti,
861 486 974 559 decedi,

192 584 312 661 assurgi,
335 584 450 658 deduci,
473 585 583 658 reduci,
608 585 738 644 consuli:
761 594 875 661 quaet
899 582 975 660 apud

189 698 253 753 nos,
267 691 298 738 et
312 681 340 739 in
355 682 418 739 aliis
432 681 606 755 civitatibus,
620 692 652 740 ut
665 701 783 760 qusque
796 681 903 759 optime
916 699 974 739 mo·

146 782 176 841 ,5
190 786 261 850 rats,
276 777 317 836 ita
329 778 547 855 diligentissime
557 779 753 837 observantur.
793 777 973 854 Lysandrum

190 873 442 933 Laoedemonium
465 873 561 953 (cujus
587 875 674 934 modo
700 875 876 935 mentionem
899 874 971 954 ieci)

190 969 287 1028 dicero
301 970 381 1028 aiunt
394 971 519 1044 solitum,
533 971 743 1030 Lacedmmone
756 990 820 1031 osse
833 971 974 1029 honestis·

188 1066 293 1124 simum
318 1067 496 1126 domicilium
523 1069 697 1127 senectutis:
726 1087 867 1144 nusquam
894 1068 973 1129 enim

187 1171 308 1220 tantum
325 1162 460 1221 tribuitur
487 1164 574 1236 etati,
600 1183 741 1240 nusquam
767 1174 812 1222 est
838 1154 973 1223 senectus

134 1263 174 1314 ‘to
189 1258 362 1318 honoratior.
402 1258 572 1323 Quinetiam
587 1260 732 1319 memorie
751 1260 896 1337 proditum
917 1270 971 1332 ast,

186 1374 254 1415 'cum
269 1356 402 1430 Athenis,
416 1356 503 1430 ludis,
517 1357 632 1434 quidam
646 1356 677 1415 in
697 1357 839 1417 theutrum
853 1357 972 1435 grandis

184 1462 256 1512 natu
283 1454 416 1526 venisset,
437 1452 468 1513 in
494 1441 599 1531 magno
624 1471 763 1512 conamen
783 1452 881 1512 locum
903 1452 930 1511 ei
954 1472 971 1511 a

186 1551 246 1609 suis
271 1551 383 1609 ¹ciuibus
406 1568 547 1627 nusquam
574 1550 689 1609 datum:
720 1568 788 1608 cum
815 1560 910 1609 autem
934 1549 971 1611 ad

187 1646 421 1708 Lacedaemonios
442 1647 620 1719 accessisset,
641 1645 715 1725 (qui,
735 1646 823 1725 legati
838 1665 906 1705 cum
929 1664 972 1705 es·

136 1746 172 1795 15
187 1753 262 1815 sent,
286 1744 316 1801 in
338 1743 405 1801 loco
425 1753 505 1801 certo
531 1743 735 1822 conmderant)
755 1743 971 1803 consurrexisse

187 1855 297 1911 omnes,
312 1848 341 1897 et
354 1857 452 1897 senem
472 1839 552 1897 illum
572 1859 681 1898 sessum
701 1839 854 1916 recepisse.
893 1839 970 1902 Qui·

188 1934 242 1992 bus
255 1953 322 1993 cum
337 1955 354 1993 a
367 1946 474 2003 cuncto
489 1955 624 1994 consessu
644 1935 762 2013 plausus
781 1946 857 1995 esset
877 1936 971 1997 multi·

186 2028 253 2107 plex
266 2030 358 2104 datus,
374 2030 479 2088 dixisse
493 2051 530 2089 ex
549 2032 584 2089 iis
598 2031 760 2107 quemdam,
775 2032 971 2091 Athenienses

187 2125 271 2198 scire,
286 2146 348 2203 quae
362 2137 442 2184 recta
454 2137 559 2200 essent,
574 2127 624 2186 sed
639 2127 735 2186 facere
748 2128 833 2186 nolle.
875 2126 970 2187 Multa

138 2222 171 2275 20
186 2221 217 2280 in
231 2231 331 2279 nostm
358 2221 480 2300 collegio
506 2224 658 2298 praeclara:
692 2223 743 2282 sed
767 2225 834 2297 hcc,
854 2223 890 2282 de
911 2242 970 2301 quo

187 2317 308 2396 agimus,
319 2317 349 2376 in
362 2317 472 2393 primis,
486 2318 573 2394 quod,
588 2329 620 2378 ut
632 2319 751 2397 quisque
760 2329 843 2379 etate
855 2331 970 2379 antece·

183 2414 239 2487 dit,
253 2414 294 2473 ita
311 2414 461 2473 sententias
480 2415 673 2492 principatum
694 2426 790 2475 tenet:
811 2436 905 2493 neque
923 2437 969 2477 so-

184 2510 245 2570 lum
269 2511 376 2570 honore
399 2512 645 2585 antecedentibus,
666 2512 717 2570 sed
741 2512 776 2570 iis
802 2513 891 2571 etiarn
918 2514 969 2590 qui

185 2625 252 2667 cum
267 2607 385 2685 imperio
399 2618 476 2681 sunt,
490 2608 612 2686 majores
624 2620 693 2667 natu
708 2628 832 2687 augures
847 2621 966 2689 antepo-

138 2716 170 2766 25
185 2714 300 2764 uantur.
339 2703 417 2766 Qus)
444 2715 511 2762 sunt
536 2705 625 2782 igitur
651 2705 810 2782 voluptates
837 2708 968 2784 corporis

184 2816 252 2859 mim
267 2799 445 2859 auctoritatis
463 2801 589 2877 premiis
610 2802 835 2877 comparandel
863 2804 968 2878 quibus

184 2896 234 2973 qui
248 2895 398 2973 splendide
410 2897 454 2955 usi
469 2906 546 2969 sunt,
560 2896 580 2954 ii
594 2897 666 2956 mihi
685 2897 818 2957 videntur
839 2898 965 2957 fabulam

1079 156 1082 345 t

1080 1192 1082 1335 l
