2186 3532
259 288 410 348 tmurus,
428 288 503 335 suu:
525 289 568 335 uu
589 286 745 336 auruum.
916 282 957 342 57

122 436 292 515 apartibus,
307 439 430 499 maxims
449 438 663 496 memorabilem
678 438 712 496 Ο.
727 437 809 496 Laelii
828 447 858 497 et
875 438 907 498 P.

11 564 30 575 -·
106 526 109 529 ¹
121 536 268 614 Scipionis
282 536 503 593 familiaritatem
518 536 617 608 fuisse,
628 535 733 594 idonea
743 536 813 593 mihi
825 536 908 595 Laelii

19 661 25 670 ·
118 632 371 710 permansissem,
379 633 486 708 quaede
496 633 623 690 amioitirl
631 652 667 691 ea
675 606 907 710 ipseliisbibret,

119 748 183 807 quae
198 728 342 807 disputata
357 731 391 787 ab
405 749 441 787 eo
455 729 633 809 meminisset
642 729 761 822 ,Ssssael‘ll
783 775 804 821 'a

158 827 260 884 Genus
272 837 365 884 sutem
379 827 436 884 hoo
450 751 909 903 sermonumjpbili'lusin‘liomi-
923 849 940 897 5

120 942 190 981 num
211 932 337 981 veterum
362 924 541 996 auctoritate,
568 933 597 981 et
620 943 720 981 eorum
745 924 907 998 illustrium,

119 1019 194 1096 plus,
209 1020 308 1077 nescio
324 1038 380 1096 quo
396 1029 490 1097 paeto,
506 1020 617 1078 videtur
631 1021 737 1078 habere
751 1020 907 1098 gravitatis.

121 1116 222 1193 Itaque
239 1117 310 1194 ipse,
324 1136 390 1175 mea
402 1118 511 1195 legens,
526 1118 569 1175 sio
585 1117 693 1175 afficior
708 1118 861 1190 interdum,
877 1127 909 1175 ut

103 1213 272 1287 'Catonem
294 1233 353 1272 uon
381 1232 437 1286 me,
460 1213 539 1290 loqui
566 1215 735 1273 existimem.
785 1215 854 1287 Sed,
876 1225 908 1273 ut

119 1320 180 1369 tum
201 1311 235 1368 ad
255 1330 353 1369 senem
368 1328 456 1369 senex
476 1310 514 1367 de
533 1321 691 1383 senectute,
707 1312 749 1369 sio
763 1312 820 1369 hoo
833 1312 908 1369 libro
925 1322 956 1371 10

121 1406 157 1464 ad
190 1407 314 1465 amioum
349 1406 541 1464 amicissimus
571 1407 607 1463 de
639 1408 767 1466 amicitit
796 1408 907 1484 scripsi.

119 1502 200 1563 Tum
214 1513 258 1560 est
271 1503 347 1560 Cato
360 1502 485 1574 loeutus,
497 1521 553 1577 quo
567 1512 628 1559 erat
641 1522 728 1559 nemo
742 1503 801 1560 sere
815 1503 910 1562 senior

120 1598 299 1676 temporibus
313 1598 379 1670 illis,
394 1616 480 1657 nemo
492 1598 680 1674 prudentior:
700 1617 779 1656 nuno
793 1597 910 1672 Laelius,

102 1703 152 1755 ·ot
175 1694 289 1771 sepiens
311 1693 369 1772 (sio
391 1694 469 1753 euim
494 1704 537 1753 est
560 1695 701 1776 habitus),
722 1704 752 1752 et
776 1694 910 1754 umioltiae

104 1792 215 1871 gloria
235 1790 388 1863 excellens,
410 1791 446 1849 de
467 1792 596 1849 amicitia
616 1790 749 1867 loquitur.
791 1791 850 1864 Tu,
866 1811 912 1850 ve-
926 1812 958 1861 15

104 1888 181 1961 lim,
204 1887 330 1946 animum
352 1908 368 1946 a
387 1908 433 1946 me
453 1907 605 1965 parumper
626 1899 757 1959 avertas;
785 1888 909 1947 Laelium

121 1983 200 2062 loqui
214 1985 307 2062 ipsum
320 1994 412 2061 putes.
453 1984 487 2043 C.
500 1985 633 2043 Fannius
647 1986 729 2048 etQ.
741 1985 910 2045 Muoiusad

110 2098 254 2140 socerum
275 2081 394 2139 veniunt
412 2092 477 2158 post
497 2093 617 2140 mortem
639 2081 788 2142 Africani:
811 2085 847 2141 ab
865 2083 911 2141 his

104 2182 217 2236 lsermo
230 2177 337 2236 oritur:
358 2177 513 2255 respondet
529 2178 654 2250 Lelius3
674 2180 757 2256 eujus
776 2189 836 2238 tota
855 2179 912 2237 dis·

106 2274 233 2351 <putatio
253 2284 297 2333 est
316 2274 353 2332 de
374 2275 512 2348 amioitit,
526 2295 611 2353 quam
628 2275 728 2355 legens
748 2286 780 2335 tu
800 2285 829 2334 te
850 2274 912 2352 ipse
926 2289 959 2340 uu

123 2389 292 2450 eognosoes.

163 2562 204 2622 11.
244 2563 385 2622 Fannius
430 2566 505 2623 Sunt
531 2565 595 2639 ista,
622 2564 717 2625 Loeli:
751 2582 807 2623 neo
834 2563 912 2622 enim

124 2659 225 2719 melior
244 2661 286 2718 vir
306 2660 360 2719 luit
379 2661 520 2720 Asrioouo
540 2663 700 2740 quisquam,
721 2682 777 2720 neo
798 2660 912 2719 olerior.

106 2792 111 2813 ‹
125 2755 186 2816 Sed
200 2757 362 2817 existimare
376 2759 474 2832 debes,
488 2761 616 2818 omnium
631 2759 732 2818 oeulos
750 2760 780 2817 in
800 2768 829 2816 te
850 2777 914 2815 esse
931 2800 937 2807 „

106 2852 293 2929 «conjectum
317 2872 406 2914 unum
430 2866 459 2914 te
482 2857 640 2934 sapientem
664 2867 693 2914 et
718 2855 862 2932 appellant
885 2865 915 2914 et
929 2867 963 2916 26

106 2950 300 3010 «existimant.
339 2952 536 3011 Tribuebatur
554 2954 610 3011 hoo
627 2953 714 3011 modo
730 2951 772 3010 M.
788 2952 914 3011 Catoni:

107 3047 245 3121 -seimus,
262 3047 295 3106 L.
310 3047 432 3107 Atilium
454 3049 528 3126 apud
548 3058 644 3126 patres
664 3059 778 3107 nostros
793 3049 916 3127 appellu-
