2186 3532
308 250 448 311 smsms,
464 251 538 299 slva
557 251 602 298 nn
620 251 777 301 sulcum.
948 238 989 303 ω

154 398 322 471 tenuatum,
345 419 457 458 summa
479 399 640 458 consensio.
681 398 782 477 Itaque
804 417 863 457 non
881 408 940 459 tam

155 495 211 553 ista
226 515 273 553 me
289 494 446 572 sapientie,
463 515 548 572 quam
565 495 651 554 modo
667 495 796 554 Fanoius
815 514 940 554 comme·

153 592 286 664 metavit,
310 593 386 658 sama
411 591 546 664 delectet,
570 592 642 650 falsa
662 592 829 668 presertim,
841 593 937 668 ”qum

152 688 230 764 quod
247 689 380 747 amicitiae
396 699 500 747 nostre
514 688 680 747 memoriam
695 708 778 765 spero
791 689 937 765 sempiter-

129 780 131 783 ’
152 803 221 842 nam
239 785 308 843 fore.
347 785 438 862 quue
452 786 522 843 mihi
536 804 572 843 eo
586 785 677 863 magis
691 796 734 845 est
747 785 839 858 cordi,
850 786 935 862 quod,
951 801 968 850 5

151 898 188 937 ex
208 882 341 965 omnibus
360 882 483 954 seculis,
497 881 543 939 vix
563 882 618 941 tria
638 892 686 940 aut
706 893 826 959 quatuor
846 883 936 941 nomi·

150 987 256 1036 nentur
271 944 550 1055 Baiifamieornm:
570 999 627 1056 quo
647 978 677 1039 iu
697 998 804 1056 genere
821 998 935 1056 sperare

149 1073 256 1147 videor,
272 1075 418 1153 Scipionis
437 1086 466 1134 et
486 1075 569 1145 Laelii
589 1075 743 1135 amicitiam
760 1087 857 1135 notam
870 1094 935 1153 pos·
957 1070 959 1075 ’

148 1170 256 1229 toritati
270 1171 339 1230 sore.

187 1267 328 1327 Fannius.
368 1267 450 1326 Istud
461 1268 586 1345 quidem,
598 1268 679 1342 Laeli,
691 1269 731 1327 ita
744 1288 864 1328 neeesse
874 1279 932 1328 est:
950 1287 981 1337 ιο

146 1363 211 1436 sed,
227 1364 363 1439 quoniam
380 1365 515 1422 amicitie
531 1365 707 1423 mentionem
724 1365 828 1437 seeisti,
845 1377 873 1425 et
889 1386 934 1426 su·

147 1478 213 1518 mus
232 1459 327 1532 otiosi,
343 1470 508 1538 pergratum
528 1459 600 1517 mihi
620 1459 734 1532 feceris,
749 1460 845 1537 (spero
864 1460 933 1521 item

148 1555 301 1636 Soaevolas)
329 1555 364 1627 si,
390 1555 629 1632 quemadmodum
656 1554 731 1613 soles
758 1555 795 1612 de
822 1556 934 1614 oaeterie

147 1653 245 1724 rebus,
269 1670 336 1710 oum
360 1671 397 1710 ex
423 1662 451 1710 te
473 1662 648 1728 queruntur,
671 1651 715 1709 sio
741 1651 778 1709 de
806 1645 934 1710 amicitie

147 1742 312 1826 disputetis,
333 1747 401 1825 quid
424 1749 541 1822 sentias,
562 1748 676 1825 qualem
696 1747 851 1822 existimes,
871 1769 933 1826 quta
948 1766 980 1817 15

145 1855 290 1922 precepta
302 1845 361 1903 des.

185 1942 321 2000 Scenoln.
361 1941 437 2000 Mihi
461 1961 529 2001 vero
551 1954 716 2025 pergratum
739 1943 812 2002 erit:
838 1953 931 2022 atque,

147 2038 271 2116 idipsum
301 2053 368 2097 eum
398 2049 495 2098 teoum
525 2058 611 2117 agere
641 2058 772 2112 conarer,
802 2039 933 2099 Fannius

147 2135 316 2194 antevertit:
337 2137 521 2211 quamobrem
540 2136 654 2215 unione
671 2135 801 2195 nostrom
818 2147 932 2214 gratum

147 2231 301 2291 admodum
315 2231 429 2290 feoeris.
946 2251 980 2303 m

185 2425 221 2483 V.
263 2424 381 2483 Laelius.
422 2423 487 2502 Ego
505 2443 572 2482 vero
588 2445 647 2483 non
665 2444 813 2531 graffiis
821 2424 852 2517 si
861 2423 933 2481 mihi

146 2521 208 2598 ipse
229 2521 421 2579 confiderem:
446 2539 512 2579 nam
537 2530 566 2578 et
588 2522 727 2597 preclara
751 2534 797 2577 res
819 2528 879 2590 est;
903 2529 934 2576 et

147 2634 246 2673 sumus
263 2614 309 2693 (ut
329 2615 400 2673 dixit
420 2614 564 2696 Fannius)
579 2616 674 2674 otiosi.
715 2616 773 2673 Sed
794 2614 857 2692 quis
877 2632 933 2692 ego

147 2713 234 2770 sumi
259 2722 307 2769 aut
327 2731 389 2788 quas
410 2712 440 2769 in
460 2721 570 2769 ineest
590 2712 734 2770 facultas?
773 2709 933 2769 Doctorum

147 2815 193 2864 est
212 2805 267 2863 ista
286 2806 474 2880 consuetudo,
489 2826 579 2884 eaque
598 2808 777 2878 Graeoorum
791 2816 823 2864 ut
836 2805 872 2862 iis
884 2824 934 2882 po-
947 2821 980 2872 π,

147 2912 242 2975 natur,
263 2902 374 2979 dequo
394 2903 540 2980 disputent
559 2904 688 2980 quamvis
706 2902 809 2963 subito.
849 2900 933 2980 Mag·

147 3017 217 3060 num
235 3017 308 3076 opus
325 3009 369 3059 est
378 3020 387 3072 ς
407 3010 529 3079 egetque
545 2999 751 3061 exercitatione
765 3018 822 3061 non
836 2998 932 3078 pust.
