2186 3532
345 252 415 335 jou
436 251 664 303 anuscanae<
903 239 943 305 at

114 419 202 461 senes
220 401 412 474 delectantur,
425 400 571 477 leviorque
591 399 623 459 lit
640 417 741 458 eorum
756 408 898 472 senectus,

113 499 167 574 qui
182 518 199 556 o
214 498 365 575 juventute
379 497 511 556 coluntur
532 508 561 555 et
573 497 749 574 diliguntur;
770 496 813 554 sic
834 496 900 554 ndo·

113 594 260 655 leseeutes
278 613 379 655 senum
398 593 549 671 preceptis
570 593 708 672 gaudent,
732 593 837 671 quibus
864 592 898 651 ad

113 691 253 749 virtutum
271 690 368 761 studia
386 691 547 749 ducuntur:
577 709 634 748 uec
654 676 749 749 minus
769 689 898 767 intelligo

113 806 164 846 me
184 787 275 860 vobis,
295 807 379 863 quam
398 805 450 845 vos
469 786 540 845 mihi
559 806 622 845 esse
645 786 797 864 jucundos.
838 786 927 851 Seds

114 883 232 957 videtis,
254 895 284 943 ut
305 893 440 942 senectus
461 902 521 941 uon
543 884 630 942 modo
650 883 788 962 languida
813 893 897 960 atque

113 980 193 1039 iners
206 998 265 1039 nou
278 980 324 1054 sit,
335 999 433 1039 verum
447 980 532 1038 etiam
547 980 584 1039 sit
598 998 727 1057 operosa,
741 991 771 1038 et
783 998 897 1057 semper

111 1095 205 1154 agens
227 1076 334 1154 aliquid
361 1086 391 1136 et
416 1077 554 1149 molieus;
585 1077 642 1137 tale
665 1077 788 1152 seilicet,
813 1076 896 1152 quule

112 1174 252 1251 cujusque
271 1174 397 1233 studium
418 1173 448 1232 in
469 1174 615 1250 superiore
629 1174 687 1232 vita
701 1174 762 1233 fuit.
802 1172 894 1247 Quid,

110 1270 190 1346 quod
210 1271 297 1329 etiam
308 1271 470 1331 'addiscunt
491 1270 618 1346 aliquidl
638 1281 670 1329 ut
684 1271 822 1330 Solonem
836 1291 896 1329 ver·
910 1276 941 1331 ll

109 1366 192 1425 sibus
204 1366 376 1445 gloriantem
386 1367 528 1440 videmus,
536 1366 585 1443 qui
599 1385 640 1440 se,
651 1367 779 1444 quotidie
790 1367 895 1444 aliquid

111 1463 321 1535 addiscentem,
341 1481 441 1521 senem
461 1462 523 1521 lieri
535 1462 625 1523 dicit:
646 1472 678 1520 ut
691 1482 746 1541 ego
766 1464 832 1536 feei,
846 1464 896 1540 qui

111 1557 231 1617 Graecas
253 1558 351 1617 literas
373 1576 463 1615 senex
485 1557 590 1628 didiei;
620 1577 692 1632 quas
715 1558 829 1633 quidem
853 1559 896 1617 sic

112 1653 197 1712 avide
231 1653 347 1730 atripui,
374 1654 456 1732 quasi
481 1653 645 1712 diuturnam
678 1653 756 1712 sitim
781 1653 895 1731 explere

105 1749 244 1826 eupiens,
259 1759 290 1808 ut
309 1770 345 1808 eo
363 1749 425 1827 ipse
444 1749 516 1808 mihi
534 1759 602 1809 uota
613 1759 719 1824 esseut,
732 1750 836 1826 quibus
848 1769 895 1808 me
909 1765 941 1817 15

111 1867 191 1906 nunc
211 1846 348 1924 exemplis
368 1847 410 1906 uti
430 1846 541 1907 videtis.
593 1846 685 1908 Quod
705 1866 771 1906 cum
791 1846 895 1906 fecisse

112 1945 263 2003 Socratem
283 1944 313 2002 in
327 1944 431 2003 fidibus
445 1943 583 2016 audirem,
597 1943 699 2001 vellem
712 1942 845 2020 equidem
865 1954 895 2003 et
915 2004 918 2021 ,

113 2040 184 2101 illud
208 2038 373 2119 (discebant
395 2040 474 2099 euim
497 2041 601 2101 fidibus
625 2039 765 2123 antiqui):
790 2041 843 2100 sed
864 2042 894 2100 in

112 2137 204 2204 literis
215 2147 296 2197 certe
308 2136 462 2196 elaboravi

151 2329 205 2388 lx
246 2327 296 2388 Ne
315 2348 394 2389 nune
414 2329 529 2406 quidem
542 2331 617 2389 vires
636 2329 769 2389 desidero
788 2327 895 2387 adoles·
908 2329 941 2380 ω

113 2426 215 2500 centis,
227 2425 267 2506 (is
280 2426 357 2485 enim
369 2436 433 2485 erat
445 2426 527 2485 locus
542 2427 611 2486 alter
626 2427 662 2486 de
676 2427 752 2486 vitiis
765 2434 896 2485 senectu-

114 2523 164 2603 tis)
185 2541 244 2581 uon
262 2524 337 2601 plus,
357 2542 453 2599 quem,
475 2523 652 2597 adolescens,
672 2523 748 2583 tauri
772 2532 820 2594 aut
839 2522 895 2580 ele

115 2616 213 2695 phanti
232 2620 439 2679 desiderabunt.
488 2618 579 2683 Quod
598 2631 653 2693 est,
673 2639 710 2678 eo
729 2620 816 2678 decet
835 2617 894 2689 uti;

15 2768 28 2792 ,
115 2723 154 2786 et,
164 2715 302 2791 quidquid
317 2736 395 2794 agas,
411 2735 495 2795 agere
507 2735 560 2793 pro
573 2717 689 2777 viribus.
728 2715 805 2777 Que
818 2713 894 2772 enim

116 2830 170 2870 vox
182 2821 276 2887 potest
288 2831 351 2871 esse
365 2822 566 2890 eontempuor‚
580 2830 665 2890 quam
686 2811 805 2871 Milonis
825 2810 896 2870 Cro-
909 2820 941 2871 25

116 2907 250 2967 toniatael
271 2909 329 2984 qui,
343 2928 410 2968 cum
427 2908 487 2986 jam
506 2919 700 2982 senex‘esset,
720 2908 896 2985 athletasque

115 3023 147 3065 se
172 3004 202 3065 in
228 3003 373 3065 curriculo
398 3015 567 3065 exercentes
589 3006 707 3078 videret,
735 3003 896 3085 adspexisse
