2186 3532
147 246 200 306 ud:
244 240 254 249 “
348 255 486 313 nntius,
502 253 579 301 erun
599 254 642 303 nn
664 252 833 303 unicum·

193 421 252 461 uon
263 420 336 491 egeo
345 401 509 461 medicinb:
530 421 577 460 me
591 402 653 478 ipse
662 401 807 474 consolor,
818 411 848 461 et
858 399 976 461 maxime

193 500 243 558 illo
257 499 370 571 solatio,
381 500 459 575 quod
473 518 509 557 eo
523 519 620 559 errore
634 517 729 572 cereo,
741 518 809 575 quo,
821 499 978 558 amicorum

193 597 324 669 decessu,
337 596 466 674 plerique
485 597 552 674 angi
570 597 672 659 solent.
713 596 796 655 Nihil
815 596 893 655 enim
912 596 978 654 mali
1079 582 1080 605 ³

194 693 335 752 accidisse
359 694 491 770 Scipioni
513 705 602 771 puto:
625 694 697 753 mibi
721 693 837 766 ccoidit,
862 693 886 754 si
910 692 977 769 quid

107 868 109 873 ,
161 791 309 849 caecidit.
351 791 421 849 Suis
440 800 535 849 autem
556 791 748 849 incommodis
764 791 887 869 graviter
901 791 977 869 nugi,

192 906 251 946 non
267 888 402 960 amicum,
417 889 467 945 scd
481 888 608 963 seipsum
623 888 745 947 amantis
758 898 811 946 est.

232 984 307 1043 Cum
322 984 372 1042 illo
384 1003 452 1042 vero
465 984 531 1059 quis
543 994 630 1064 neget
644 995 740 1044 ectum
751 1004 815 1044 esse
823 985 978 1062 preclare?

192 1079 259 1139 Nisi
274 1081 350 1139 enim
366 1079 457 1157 (quod
471 1082 520 1139 ille
533 1081 653 1139 minime
665 1083 798 1163 putabat)
814 1081 981 1141 immortuli-

191 1187 280 1236 tetem
302 1189 401 1254 optare
414 1178 513 1251 uellet,
527 1178 596 1254 quid
617 1198 675 1237 non
695 1190 739 1237 eet
759 1178 889 1256 adeptus,
902 1179 979 1256 quod

146 1281 178 1333 lt
191 1272 303 1332 homini
318 1273 360 1332 sss
373 1284 449 1333 esset
461 1276 580 1352 opterel
599 1275 648 1352 qui
662 1292 802 1335 summam
817 1294 896 1352 spem
911 1275 980 1334 civi·
1079 1334 1080 1343 ,

191 1389 252 1443 um,
265 1391 350 1448 quum
370 1373 407 1430 de
427 1391 463 1430 eo
479 1373 538 1449 jam
552 1391 642 1449 puero
656 1372 824 1445 habuerant,
840 1372 980 1431 continuo
1079 1400 1080 1419 ι

192 1467 361 1527 adolescens
375 1469 539 1527 incredibili
550 1469 654 1527 virtute
668 1468 826 1545 superavit:
847 1469 897 1544 qui
911 1488 980 1529 con-
1079 1458 1080 1465 ἵ

191 1565 317 1627 sulatum
329 1566 430 1643 petivit
446 1585 602 1641 nunquam,
616 1566 710 1625 sactus
729 1576 774 1623 est
793 1566 896 1627 consul
916 1566 977 1625 b'u:
993 1598 998 1607 .

189 1661 314 1739 primum
331 1672 396 1721 ante
410 1672 537 1739 tempus3
559 1661 662 1725 iterum
683 1661 749 1737 sibi,
763 1680 817 1723 suo
830 1672 977 1739 temporc;
995 1712 998 1719 ,

145 1770 177 1821 16
190 1758 368 1834 reipublice,
378 1777 460 1834 pene
473 1777 553 1817 sero:
574 1759 633 1834 qui,
644 1758 756 1817 duabus
770 1759 889 1817 urbibus
902 1778 980 1820 ever·

191 1854 240 1927 sin,
256 1854 463 1913 inimicissimis
482 1855 551 1912 huic
571 1854 702 1930 imperio,
722 1874 781 1915 non
802 1857 889 1917 modo
908 1876 978 1934 prae·
1080 1860 1081 1867 '

190 1948 293 2021 sentin,
308 1968 406 2006 verum
425 1950 512 2008 etiam
533 1949 630 2008 sutura
646 1951 722 2011 bella
741 1952 855 2013 delevit.
894 1952 977 2015 Quid

191 2045 286 2105 dicam
308 2047 344 2104 dc
364 2047 493 2107 moribus
514 2046 678 2107 facillimisl
699 2049 735 2107 dc
754 2049 863 2126 pietste
875 2050 907 2108 in
919 2069 979 2109 ma·

190 2145 285 2202 tremi
305 2144 477 2203 liberalitate
497 2144 527 2201 in
548 2146 681 2203 sororesl
701 2146 830 2207 bonitate
844 2146 874 2205 in
889 2148 977 2206 suosl

144 2254 177 2306 m
186 2241 298 2318 justitiri
311 2241 339 2299 in
350 2242 471 2300 omnesl
490 2251 638 2299 uotasuut
648 2241 736 2300 vobis.
767 2242 869 2305 Quum
881 2253 977 2303 autem

165 2338 300 2401 civitati
312 2358 395 2396 carus
405 2337 500 2409 fuerit,
508 2357 629 2397 moerore
638 2339 746 2401 funeris
755 2339 913 2398 indicatum
923 2351 976 2401 eet.

187 2434 299 2537 Quid
293 2434 379 2511 igitur
399 2435 478 2491 bunc
497 2454 657 2515 paucorum
681 2455 822 2497 annorum
846 2438 977 2497 accessio

185 2512 286 2609 jdvdre
302 2531 462 2608 potuisset'l
503 2532 646 2590 Senectus
665 2533 742 2591 enim
745 2533 897 2610 ‚quamvis
916 2553 975 2593 ιιοιι

188 2628 226 2686 sit
239 2628 343 2704 gravis,
359 2629 406 2703 (ut
419 2628 538 2685 memini
551 2629 704 2700 Catonem,
720 2648 797 2687 anno
810 2641 877 2690 ante
890 2651 976 2708 quam

142 2727 174 2778 25
189 2736 317 2785 mortuus
331 2735 384 2797 est,
398 2744 513 2785 mecum
533 2735 563 2784 et
584 2745 649 2783 cum
667 2726 806 2803 Scipione
820 2729 975 2811 disserere)

188 2832 285 2881 temen
307 2822 397 2881 aufert
417 2842 481 2881 eam
498 2823 681 2896 viriditatem,
696 2824 726 2883 in
743 2825 799 2901 qud
812 2822 976 2885 etiamnum
1080 2822 1081 2831 ’

188 2932 250 2977 erat
266 2919 373 2995 Scipio.

226 3014 428 3076 Quamobrem
437 3017 496 3075 vita
507 3018 624 3095 quidem
638 3018 703 3077 talis
717 3019 780 3092 fuit,
791 3019 835 3077 vel
849 3018 977 3094 sortumd,
