2186 3532
290 258 292 263 ’
375 262 638 315 murmurum
905 252 948 317 π

93 415 169 491 ,istu
182 416 281 476 senilis
295 412 417 477 stultitia
427 415 505 496 (quse
517 415 652 475 deliratio
662 413 898 494 appellarisolet)

109 528 214 572 senum
228 512 335 571 levium
349 522 402 587 est,
416 532 474 573 non
488 514 625 572 omnium.

150 608 289 672 Quatuor
303 609 435 668 robustos
455 609 539 682 filios,
552 602 661 687 quinium
693 607 776 681 filias,
790 618 900 666 tantum

110 704 242 777 domum,
269 714 363 763 tentus
390 704 550 778 clientelas,
578 704 692 782 Appius
718 704 847 782 regebat,
869 713 901 762 et

105 818 203 860 senex
222 811 255 861 et
272 820 385 861 cecus:
409 802 552 863 intentum
572 802 651 860 enim
672 801 810 873 culmum,
830 812 931 868 tem-5

26 905 29 911 ’
108 917 198 975 quem
214 918 321 972 arcum,
336 899 476 971 hubebst3
491 918 548 957 nec
560 898 753 977 languemus
766 916 900 956 succum·

106 995 200 1054 bebat
219 996 369 1056 senectuti
410 995 545 1055 Tencbst
564 1012 622 1055 uon
643 994 730 1056 modo
748 994 901 1055 auctorite·

107 1103 181 1165 tem,
201 1093 252 1152 sed
251 1093 360 1249 Ἠ
351 1093 541 1188 fflmrium,
562 1093 592 1152 in
620 1112 703 1153 suos:
733 1092 900 1151 metuebant

109 1190 202 1263 servi;
231 1196 279 1248 v'er
356 1201 402 1249 tur
429 1189 529 1262 liberi3
560 1209 660 1249 esrum
686 1208 789 1249 omnes
814 1189 900 1247 habe·

110 1286 197 1345 bunt:
219 1287 361 1366 vigebat
353 1306 384 1346 m
404 1287 455 1346 ills
475 1287 562 1346 domo
580 1286 692 1364 patrius
711 1306 773 1346 mos
792 1297 822 1345 et
841 1285 899 1345 dis·
914 1288 946 1340 ld

111 1383 227 1460 ciplins„

149 1478 196 1538 Its
215 1479 293 1538 euim
313 1488 450 1536 senectus
469 1477 591 1536 honesta
610 1486 664 1550 est,
677 1477 703 1537 si
722 1496 756 1536 se
776 1477 839 1553 ipss
852 1477 900 1535 de·

109 1576 214 1648 tendit,
228 1575 253 1633 si
264 1575 311 1652 jus
324 1586 409 1633 suum
422 1574 537 1645 retinet,
552 1574 577 1631 si
595 1573 704 1632 nemini
717 1572 901 1651 emancipet:

109 1680 166 1743 est,
180 1670 205 1729 si
219 1688 309 1748 usque
323 1669 360 1729 sd
373 1680 532 1729 extremum
545 1669 678 1747 spiritum
692 1669 855 1729 dominetur
868 1669 899 1728 in

110 1786 187 1827 suus.
228 1766 268 1827 Ut
286 1767 365 1827 enim
386 1766 609 1841 adolescentem,
624 1767 723 1844 inquo
737 1766 829 1826 senile
849 1767 899 1826 uli·
914 1779 946 1832 15

108 1865 189 1943 quid,
203 1864 247 1924 sic
266 1884 375 1938 senem,
389 1865 491 1942 inquo
504 1875 550 1924 cst
568 1864 759 1925 adolescentis
779 1864 897 1942 aliquid,

109 1964 215 2040 probo:
235 1962 313 2041 quod
333 1963 382 2039 qui
410 1962 549 2039 sequitur,
570 1980 690 2039 corpore
718 1982 807 2022 senex
833 1982 898 2024 esse

109 2058 224 2135 potent,
250 2058 348 2117 enimc
373 2076 522 2134 nunquam
548 2058 612 2117 erit.
654 2057 800 2135 Septimus
825 2058 897 2119 mihi

110 2154 320 2234 “Originum’'
342 2156 415 2214 liber
435 2165 479 2213 est
499 2154 530 2213 in
543 2154 693 2214 munibus:
714 2155 813 2214 omnia
826 2155 898 2214 unti-

110 2252 425 2328 quitstismonumeuts
434 2250 554 2330 colligo:
568 2269 720 2309 causarum
731 2250 896 2324 illustrium,
911 2251 944 2304 22

110 2367 304 2426 quascumque
325 2348 452 2420 defendi,
472 2364 552 2406 nunc
580 2366 665 2423 quem
685 2347 809 2406 maxime
828 2365 897 2406 con·

110 2446 176 2506 licio
194 2447 355 2505 orationes:
373 2445 421 2521 jus
441 2463 592 2522 augurum,
610 2444 790 2522 pontificum,
811 2443 896 2502 civile

72 2564 73 2569 ¹
111 2552 218 2600 tracto:
240 2542 360 2601 multum
380 2541 469 2601 etism
486 2540 600 2599 Graecis
619 2540 710 2600 literis
729 2551 811 2599 utor:
842 2539 897 2616 Py·

112 2638 367 2716 thagoreorumque
380 2656 469 2710 more,
484 2637 653 2697 exercende
673 2637 819 2697 memorie
832 2655 896 2715 grs-

112 2734 162 2806 tit,
177 2733 245 2810 quid
258 2753 369 2811 quoque
389 2733 436 2792 die
457 2733 588 2807 dixerim,
610 2733 759 2805 audierim,
774 2732 894 2811 egerim,
909 2742 942 2795 id

83 2807 306 2890 ·'commemoro
330 2830 449 2907 vesperi.
500 2829 556 2889 Hoe
582 2841 650 2889 suut
676 2829 896 2903 exercitationes

113 2926 231 3006 ingenii,
253 2925 315 2985 hec
329 2927 474 2985 curricula
493 2926 615 2986 mentis:
636 2927 666 2986 in
687 2926 732 2985 his
751 2926 896 2991 desudans

114 3035 197 3101 utque
216 3023 377 3097 elaborans,
398 3024 527 3102 corporis
545 3024 621 3083 uires
639 3043 698 3082 non
721 3043 895 3105 mugnopsrc
