2186 3532
292 287 431 348 mutus,
450 287 525 334 aava
543 279 588 335 bn
607 286 764 337 monta.
909 276 965 347 'to

114 434 235 497 *landos
246 444 394 512 putemus3
415 437 483 513 quia
494 447 650 513 sequantur
664 433 818 515 (quantum
828 435 920 495 homi·

131 551 185 591 nes
210 534 345 612 possunt)
372 543 514 606 naturam,
540 534 677 610 optimam
704 533 784 591 bone
804 532 919 591 vivendi
987 528 991 535 ’

132 629 246 688 ducam.
288 629 339 687 Sio
362 630 440 688 enim
461 630 534 688 mibi
558 630 723 708 perapioere
746 629 855 702 videor,
878 629 921 689 ita

131 735 216 783 natos
238 744 303 784 ease
325 744 388 798 nos,
412 737 444 784 ut
466 726 541 785 iuter
567 745 667 785 omnes
694 737 770 785 esset
794 725 920 784 sooietas

132 820 280 898 quadam:
314 823 403 900 major
438 835 544 896 autem,
572 835 604 882 ut
636 823 757 899 quiaque
788 822 950 899 proximet

133 917 303 977 accederet:
325 919 421 996 itaque
442 920 520 978 cives
540 919 667 998 potiores
687 937 773 995 quam
793 919 920 997 peregri·

131 1013 179 1085 ni;
207 1024 237 1072 et
258 1015 418 1093 propinqui,
440 1036 526 1092 quam
550 1016 653 1075 alieni:
682 1035 748 1074 eum
773 1016 817 1074 bis
840 1015 919 1087 enim

132 1111 289 1170 amicitiam
303 1123 407 1173 nature
420 1114 482 1189 ipsa
493 1113 613 1191 peperit.
654 1113 714 1172 Sed
727 1131 763 1170 ea
775 1132 834 1171 non
848 1111 919 1170 satis

131 1206 217 1266 habet
240 1209 398 1271 firmitatis:
425 1229 550 1286 namque
573 1211 629 1268 hoo
651 1220 769 1287 prestat
791 1209 919 1269 amicitia

130 1305 345 1381 propinquitati,
358 1306 432 1382 quod
446 1326 482 1364 ex
494 1306 705 1383 propinquitate
718 1306 923 1365 benevolentia
933 1316 965 1368 10

130 1400 193 1458 tolli
206 1411 309 1477 potest,
320 1421 357 1459 ex
371 1401 498 1460 amicitia
512 1420 572 1460 non
584 1412 693 1478 potest:
714 1403 826 1461 sublutt
839 1402 918 1461 enim

130 1496 343 1570 benevolentia,
358 1497 492 1556 amioitiss
505 1517 611 1555 nomen
625 1498 744 1570 tollitur,
754 1498 919 1575 propinqui·

129 1593 198 1651 tatis
212 1603 318 1652 manet
358 1592 479 1656 Quanta
493 1604 588 1652 antem
606 1593 649 1652 vis
670 1594 804 1652 amicitia
821 1594 867 1666 sit,
882 1613 919 1652 ex

131 1689 188 1746 boo
212 1688 335 1768 intelligi
361 1689 484 1748 maxime
507 1700 610 1767 potest,
635 1689 721 1766 quod,
746 1709 782 1747 ex
806 1690 918 1749 inlinital

129 1785 271 1844 societate
287 1787 402 1865 generis
420 1787 549 1860 humaui,
563 1805 649 1863 quam
669 1786 837 1845 conciliavit
856 1787 918 1864 ipsa
932 1796 964 1849 15

129 1892 242 1956 natura,
261 1882 303 1942 ite
320 1893 470 1945 oontraota
489 1904 536 1942 res
556 1894 608 1956 est,
625 1894 655 1942 et
674 1883 799 1943 adducta
818 1884 858 1943 iu<
869 1904 918 1943 an·

129 1989 255 2058 gustum,
267 1990 299 2038 nt
311 1981 405 2040 omnis
419 1981 524 2040 essitas
539 1991 587 2039 out
600 1981 675 2039 inter
686 1980 768 2054 duos,
780 1993 829 2040 ant
841 1982 916 2042 inter

128 2095 248 2154 pennos,
259 2076 478 2275 jungereturV(

168 2268 220 2329 vl.
262 2270 316 2328 Est
349 2280 443 2329 autem
479 2270 607 2330 amicitia
639 2271 710 2329 nibil
744 2270 832 2343 alind,
859 2269 916 2327 uisi

51 2410 54 2413 -
129 2367 259 2435 oannium
277 2366 438 2425 divinarum
461 2367 706 2444 humanarumque
723 2386 830 2440 rernm,
849 2386 915 2424 eum
930 2374 963 2425 2)

129 2462 331 2521 benevolentia
349 2474 378 2521 et
396 2464 525 2536 caritate,
540 2484 652 2523 summa
665 2463 837 2523 consensio:
859 2463 917 2539 qui

128 2558 244 2635 quidem
265 2560 342 2618 band
363 2559 436 2632 seio,
453 2579 500 2633 nn,
518 2560 639 2637 exeeptt
662 2559 813 2638 sapientiai,
836 2559 917 2635 qnid·

128 2674 214 2731 quam
241 2655 343 2714 melius
370 2656 480 2714 homini
508 2656 545 2715 sit
572 2676 589 2715 a
615 2656 681 2715 Diis
708 2656 916 2714 immortalibus

128 2753 237 2809 datum.
290 2752 414 2811 Divitias
445 2752 494 2810 alii
522 2771 702 2829 proponunt,
730 2753 835 2810 bonam
866 2751 915 2809 alii

128 2846 333 2921 valetudinem,
355 2848 403 2906 alii
424 2851 592 2924 potentiam,
612 2848 661 2907 alii
679 2849 813 2920 bonores,
832 2847 915 2907 multi
928 2863 961 2915 25

127 2944 216 3003 etiam
230 2943 395 3020 voluptates.
437 2945 601 3004 Belluarum
618 2945 675 3003 boo
688 2944 804 3020 quidem
824 2954 915 3005 extre·

127 3059 207 3100 mum
218 3050 277 3100 est:
297 3039 347 3099 illa
358 3052 453 3100 autem
463 3041 620 3120 superiora,
631 3040 744 3100 oaduoa
753 3049 781 3124 ot
793 3039 913 3115 ineerta,

324 3135 372 3195 μ
