2186 3532
147 277 185 339 18
439 285 530 333 orno
550 283 667 345 mon,
680 248 751 333 ssu'

221 436 238 464 ‘⁴
247 432 325 494 Cedo,
336 431 378 496 qui
387 437 496 483 mmm
507 431 686 496 rempublicam
695 436 791 482 sanun
801 429 979 481 emisististan

279 512 369 563 oito?”

189 728 234 788 oio
254 727 332 787 enirn
351 704 567 804 percontantur,
587 733 684 783 otest
711 724 742 783 in
765 723 861 784 Nonii
879 728 975 802 postu

190 824 283 884 Ludo.
323 821 550 917 Respondentur
563 830 593 879 st
613 820 678 894 alia,
692 830 721 879 et
739 820 802 881 heo
815 820 845 880 in
859 820 974 898 primis:

219 1018 236 1046 ⁴⁴
244 1014 426 1065 Proveniebtnt
435 1017 543 1062 oratores
553 1011 623 1074 novi,
633 1011 712 1075 siniti,
722 1010 927 1061 adnleseentuii.’'

157 1208 175 1257 5
189 1210 354 1271 Temeritas
366 1219 411 1269 est
420 1208 554 1300 videlicet
565 1206 694 1266 florentis
707 1206 808 1282 etatis,
821 1207 975 1287 prudentie

187 1307 375 1368 senementis
483 1354 487 1362 .

226 1501 294 1562 VH.
334 1496 683 1560 Atmamoriaminuitur.
724 1497 831 1571 Credo,
842 1496 899 1556 nisi
908 1516 973 1556 eam

187 1619 332 1673 exeroess,
345 1609 394 1658 aut
402 1598 429 1656 si
438 1597 479 1657 sis
488 1595 592 1655 natutb
601 1594 718 1654 tardior.
759 1594 972 1655 Themistocles

186 1697 317 1755 omnium
331 1695 437 1755 civium
457 1691 577 1752 nomina
595 1702 780 1769 perceperat:
801 1711 870 1751 num
885 1691 993 1771 igitur-

141 1794 172 1845 10
188 1793 313 1851 censetis
331 1810 409 1864 eum,
424 1810 491 1849 eum
512 1803 595 1850 atate
615 1789 813 1866 processisset,
827 1789 877 1865 qui
892 1789 971 1848 Aris·

186 1889 262 1947 tides
302 1898 388 1962 esset,
421 1887 625 1964 Lysimachum
669 1886 795 1946 salutare
834 1885 970 1945 solitum?

186 1984 330 2061 Equidem
357 2003 417 2044 non
443 1985 530 2043 modo
562 2004 614 2044 eos
646 1982 713 2043 novi
741 1981 790 2059 qui
817 1993 894 2056 sunt,
920 1982 969 2041 sed

185 2100 288 2140 eorum
319 2092 415 2159 patres
447 2081 545 2153 etism,
572 2091 601 2139 et
628 2099 712 2139 avos:
746 2099 812 2152 uso,
839 2079 971 2155 sepulcra

186 2177 296 2258 legens,
317 2198 418 2237 vereor
440 2176 532 2255 (quod
550 2177 644 2258 aiunt)
659 2196 697 2235 ne
718 2176 887 2234 memoriam
907 2193 970 2252 per·

140 2282 171 2335 15
186 2275 270 2335 datur
291 2275 336 2334 his
357 2275 435 2333 enim
456 2273 526 2351 ipsis
546 2274 687 2352 legendis,
700 2273 789 2331 redeo
810 2272 840 2330 in
864 2290 970 2330 memo-

60 2354 65 2366 ’
184 2372 258 2431 riam
278 2381 465 2430 mortuorum.
506 2369 573 2430 Neo
587 2389 655 2430 vero
675 2388 846 2447 quemquam
868 2387 969 2427 senum

186 2469 282 2530 audivi
305 2468 437 2540 oblitum,
460 2486 518 2544 quo
540 2467 607 2526 looo
629 2468 796 2526 thesaurum
818 2466 967 2525 obruisset.

184 2565 303 2639 Omnia,
331 2584 394 2641 quas
422 2574 534 2637 curant,
562 2565 771 2633 meminerunt;
807 2561 970 2621 vadimonia

185 2662 341 2721 constituta
347 2681 357 2742 ¹;
378 2660 429 2737 qui
442 2660 508 2734 sibi,
523 2662 626 2736 quibus
641 2659 705 2738 ipsi,
719 2660 851 2719 debeant.

137 2781 171 2833 ω
222 2757 306 2822 Quid
336 2756 555 2835 jurisconsultii
589 2756 659 2832 quid
691 2755 863 2832 pontificesi
901 2755 969 2833 quid

185 2857 327 2933 augures?
355 2853 424 2930 quid
452 2851 617 2930 philosophi
636 2853 739 2910 senesi
767 2871 853 2928 quam
881 2851 970 2910 muita

184 2950 394 3009 meminerunt!
434 2948 557 3007 Manent
584 2946 702 3024 ingenia
729 2949 856 3020 senibus,
883 2946 969 3004 modo

184 3057 352 3126 permaneat
371 3046 498 3105 studium
519 3055 549 3103 et
568 3042 725 3114 industria;
747 3063 803 3102 neo
823 3062 858 3100 ea
877 3040 968 3100 solum

1032 616 1073 705 ‘

1087 880 1088 963 i
