2178 3526
127 229 169 290 8⁰
330 238 474 297 ‚umarus
493 239 565 285 snm
585 238 628 285 uu
649 238 805 287 aurorum.

177 386 368 446 imbecillibus
390 387 486 461 fortes,
513 385 664 465 flagitiosis
686 387 839 447 modestos.
881 387 965 469 Ergo
1066 416 1069 429 ·

170 484 233 542 ‘hoc
245 477 392 561 proprium
406 495 451 542 est
466 484 554 542 animi
565 486 640 543 bene
657 484 816 558 constituti,
831 496 861 543 et
870 485 964 546 laetari
1064 480 1068 489 ’

176 580 258 639 bonis
271 581 367 652 rebus,
381 591 411 638 et
425 581 522 638 dolere
534 582 692 640 contrariis.

213 677 421 751 Quamobrem,
436 677 460 735 si
474 678 552 735 cadit
563 678 593 735 iu
607 678 767 754 sapientem¹
780 678 866 736 animi
881 677 963 738 dolor

144 795 161 844 5
177 773 481 852 (quiproiectocadit,
496 775 602 832 nisiex
621 775 683 850 ejus
705 775 801 833 animo
823 776 964 853 exstirpa·

175 883 232 930 tam
256 871 461 930 humanitatem
485 871 687 952 arbitremur);
709 890 883 946 quaeacausa
905 881 961 945 est,

176 988 229 1026 cur
239 968 394 1026 amicitiam
405 967 533 1025 funditus
541 968 675 1025 tollamus
685 987 702 1024 c
712 968 827 1040 vitijne
839 968 959 1045 aliquas,

174 1075 290 1140 propter
300 1084 373 1136 eam,
388 1064 579 1140 suscipiamus
592 1064 757 1122 molestiasl
789 1063 872 1126 Quid
880 1066 961 1124 enim

175 1161 303 1233 interest,
328 1171 407 1219 motu
435 1160 523 1218 animi
550 1161 671 1232 sublato,
699 1179 758 1218 non
785 1161 852 1218 dico
883 1162 961 1220 inter

129 1278 160 1328 10
175 1256 321 1315 hominem
334 1268 364 1315 et
376 1257 528 1334 pecudem,
540 1257 590 1314 sed
606 1257 680 1315 inter
694 1257 840 1315 hominem
854 1268 883 1315 et
896 1277 961 1319 sax·

149 1409 152 1414 .
175 1372 233 1425 um,
249 1363 297 1411 aut
310 1364 454 1426 truncum,
479 1363 527 1411 aut
540 1352 652 1430 quidvis
673 1353 788 1431 generis
808 1352 960 1430 eiusdemi

173 1448 277 1525 Neque
291 1450 368 1508 enirn
383 1461 449 1508 sunt
462 1450 510 1507 isti
525 1449 670 1522 audiendi,
692 1448 740 1525 qui
760 1449 892 1508 virtutem
907 1449 961 1513 du·

173 1565 235 1604 ram
249 1556 278 1604 et
298 1547 379 1622 quasi
400 1546 519 1604 ferream
544 1565 607 1603 esse
627 1545 742 1603 volunt:
760 1565 823 1622 quae
841 1545 959 1622 quidem

173 1652 227 1715 est,
243 1663 308 1701 cum
323 1643 418 1701 multis
432 1643 462 1700 in
476 1643 572 1713 rebus,
586 1651 647 1699 tum
662 1640 691 1699 in
707 1641 843 1714 amicitilt,
857 1652 961 1701 tenera

128 1749 160 1799 15
177 1751 259 1816 atque
273 1739 447 1809 tractabilis;
470 1747 501 1796 ut
515 1747 544 1794 et
557 1738 641 1795 bonis
656 1738 742 1795 amici
760 1738 841 1813 quasi
855 1738 961 1797 diffun-

175 1836 289 1906 dantur,
304 1846 332 1892 et
346 1833 535 1927 incommodip
554 1833 768 1991 cop't'rfflantur.
807 1833 961 1896 Quamob-

173 1949 235 1988 rem
258 1949 346 2006 angor
368 1930 432 2002 iste,
453 1910 570 2006 qui‘p'io
648 1916 683 1988 co
705 1949 780 2006 sepe
800 1928 960 2006 capiendus

173 2037 227 2098 est,
241 2046 301 2084 non
315 2036 426 2084 tantum
440 2026 524 2097 valet,
536 2036 568 2083 ut
581 2027 663 2084 tollat
676 2045 692 2084 e
707 2027 765 2085 virt
780 2027 957 2100 amicitiam
1023 2023 1028 2030 “

173 2143 233 2182 non
246 2123 320 2199 plus,
335 2142 418 2199 quam
434 2133 464 2181 ut
478 2122 606 2194 virtutes,
627 2122 695 2198 quia
707 2123 859 2185 nonnullas
873 2142 959 2185 curus

126 2239 159 2289 ρο
174 2231 203 2278 et
217 2219 362 2278 molestias
377 2219 508 2292 afferunt,
519 2218 714 2296 repudientur.

213 2411 295 2470 XIV.
337 2410 412 2469 Cum
441 2422 534 2471 autem
561 2412 712 2470 contrahat
735 2413 891 2471 amicitiam
911 2411 959 2492 (ut

173 2509 358 2589 supradixi),
375 2507 400 2565 si
420 2527 477 2583 qua
500 2508 674 2585 significatio
698 2508 810 2566 virtutis
822 2510 957 2583 eluceat,

160 2600 210 2665 ad
224 2626 307 2683 quam
323 2625 355 2662 se
368 2605 470 2662 similis
484 2604 595 2662 animus
611 2604 744 2681 applicet,
759 2615 788 2663 et
802 2605 958 2685 adjungut3

174 2703 203 2761 id
224 2722 290 2760 cum
312 2700 464 2777 contingit,
490 2719 569 2758 amor
591 2700 744 2774 exoriatur,
765 2721 885 2760 necesse
905 2711 958 2761 est.

127 2821 159 2871 ᾖ
172 2798 255 2861 Quid
269 2798 346 2856 enirn
360 2808 418 2855 tam
433 2796 597 2869 absurdum,
621 2816 706 2873 quum
726 2798 864 2871 delectari
887 2797 960 2856 mui⁴

173 2895 211 2953 tis
226 2896 357 2953 inanibus
370 2894 466 2966 rebus,
481 2904 513 2951 ut
527 2893 643 2966 honore,
658 2904 689 2952 ut
713 2894 816 2971 giorii,
830 2905 861 2953 ut
872 2893 961 2953 sediti·

174 2990 229 3064 cio,
244 3001 275 3050 ut
288 2992 402 3068 vestitu,
425 2990 560 3068 cultuque
584 2989 730 3068 corporis3
752 2989 849 3049 animo
863 3000 961 3050 autem
