2186 3532
261 266 399 326 nnams
415 265 489 315 sun:
509 267 553 315 nn
569 264 740 315 uniemur
890 253 941 313 711

132 415 189 476 lx.
228 416 320 480 Quod
335 417 360 476 si
373 428 454 476 tanta
466 417 509 476 vis
521 417 674 495 probitatis
691 427 745 490 est,
760 426 792 475 ut
807 435 882 490 eum,

90 514 138 572 vel
166 513 197 572 in
223 513 267 572 eis
294 533 367 590 quus
390 533 536 590 nunquam
561 514 693 588 vidimus,
718 514 762 572 vel
791 513 882 592 (qued

91 610 187 689 majus
207 611 264 692 est)
284 610 315 669 in
336 611 418 669 hoste
438 611 536 684 etiam,
551 611 722 688 diligamus;
744 611 812 687 quid
831 610 883 668 mi·

92 727 170 781 rum,
184 707 209 765 si
224 707 312 766 animi
332 707 481 766 hominum
496 717 674 780 moveantur,
687 726 756 766 cum
769 726 881 780 eorum,

4 842 5 863 i
92 804 266 881 quibuscum
281 823 334 862 usu
352 805 501 881 conjuncti
520 823 584 863 esse
603 813 736 881 possunt,
748 803 881 862 virtutem
898 816 915 866 5

92 911 124 958 et
134 901 304 958 ¹bonitatem
317 900 481 978 perspicere
494 900 664 958 videantur?
703 890 882 976 Quanquam

92 997 281 1055 confirmatur
296 1015 375 1055 amor
393 1007 423 1054 et
440 997 583 1055 beneficio
598 1007 729 1073 acceptu,
743 1006 772 1054 et
786 995 882 1054 studio

66 1091 68 1094 ’
91 1102 256 1171 perspecto,
284 1103 314 1152 et
340 1093 552 1152 consuetudine
585 1094 743 1174 adjuncid:
778 1093 883 1169 quibus

94 1191 182 1248 rebus
203 1190 239 1248 ad
259 1191 341 1248 illum
356 1190 480 1267 primum
495 1202 604 1249 motum
619 1191 707 1248 animi
727 1200 756 1248 et
777 1190 883 1248 amoris

95 1287 241 1360 adhibitis,
254 1287 429 1346 admirabilis
442 1288 571 1364 quaedam
585 1287 747 1345 exardescit
761 1288 884 1345 benevo-
900 1295 940 1345 10i

92 1384 190 1443 lentim
211 1384 398 1462 magnitud03
424 1403 509 1460 quam
530 1384 624 1460 siqui
646 1394 749 1460 putant
773 1385 809 1442 ab
832 1385 884 1441 im·

93 1480 253 1538 becillitate
279 1480 435 1557 proficisci,
455 1490 487 1537 nt
511 1480 557 1552 sit,
577 1498 628 1555 per
652 1498 738 1554 quem
762 1479 889 1554 quisque

94 1585 274 1651 assequatur,
288 1576 366 1652 qued
380 1575 542 1645 desiderem
565 1575 702 1632 humilem
715 1593 785 1631 sane
799 1574 885 1631 relin-

92 1681 198 1750 quunt,
223 1681 252 1729 et
278 1659 396 1730 minime
423 1690 595 1750 generosum
622 1671 668 1748 (ut
695 1670 736 1728 ita
761 1670 883 1750 dicem),

93 1780 191 1828 ortum
206 1769 349 1842 amicitie,
361 1789 446 1845 quam
461 1788 498 1829 ex
510 1768 610 1845 inopini
624 1778 710 1843 atque
724 1767 884 1845 indigentiis
900 1773 942 1823 15:

94 1877 193 1925 natam
208 1866 315 1924 volunt

134 1962 225 2025 Quod
241 1963 266 2021 si
282 1963 324 2023 ita
342 1973 439 2035 esset3
464 1963 630 2039 utquisque
644 1962 794 2021 minimum
808 1963 839 2021 in
853 1982 884 2022 se

95 2078 160 2118 esse
181 2060 377 2132 arbitraretur,
396 2059 437 2117 ita
456 2059 492 2117 ad
514 2059 671 2118 amicitiam
685 2069 761 2127 esset
775 2059 886 2136 aptissi-

4 2144 6 2151 ’
95 2175 182 2214 mus:
204 2155 282 2232 quod
302 2155 389 2233 longe
409 2173 494 2214 secus
514 2165 565 2212 est.
606 2154 646 2213 Ut
665 2155 744 2212 enim
764 2155 885 2230 quisque

4 2300 5 2303 ,
95 2252 332 2329 sibiplurimum
355 2251 485 2324 confidit,
509 2261 539 2310 et
562 2261 593 2309 ut
617 2251 737 2327 quisque
761 2249 885 2308 maxime
898 2259 944 2309 20..

4 2408 5 2419 ,
95 2348 202 2413 virtute
228 2358 258 2406 et
285 2348 427 2425 sapientiai
454 2348 497 2406 sic
521 2349 649 2406 munitus
672 2358 725 2420 est,
750 2359 782 2406 ut
805 2347 886 2405 nulle

4 2422 6 2521 ἶ
95 2456 191 2524 egeat,
211 2464 321 2521 suaque
341 2444 439 2502 omnin
458 2445 489 2502 in
508 2464 541 2502 se
561 2445 624 2521 ipso
642 2444 738 2521 posita
753 2440 883 2521 judicet3

4 2526 8 2547 ¹
96 2541 138 2600 ita
157 2541 187 2599 in
210 2540 347 2599 amicitiis
366 2540 533 2616 expetendis
554 2539 740 2615 colendisque
762 2539 885 2601 maxime

96 2636 222 2695 excellit,
262 2635 347 2698 Quid
370 2637 447 2694 enim
472 2636 629 2694 Africanus
652 2636 786 2713 indigens
807 2636 885 2693 mei?

97 2731 233 2804 Minime,
254 2732 373 2791 hercle:
396 2753 430 2790 ac
450 2752 487 2790 ne
507 2751 562 2810 ego
582 2732 697 2809 quidem
710 2731 813 2790 illius:
835 2733 886 2790 sed
900 2739 933 2789 25

97 2846 154 2908 ego
170 2827 359 2891 admiratione
372 2829 495 2905 quidam
516 2827 629 2886 virtutis
649 2827 720 2905 ejus,
731 2827 783 2884 ille
804 2827 887 2885 vicis·

98 2925 153 2984 sim
181 2923 320 3002 opinione
337 2925 457 2984 fortasse
481 2900 630 2997 nonnulli,
651 2942 736 3000 quam
758 2923 794 2980 de
814 2923 886 2982 meis

98 3021 227 3083 moribus
250 3021 384 3095 habebat,
406 3040 453 3081 me
475 3020 591 3079 dilexit:
614 3020 692 3078 auxit
715 3019 889 3079 benevolen-
