2186 3532
135 239 183 301 ua
420 250 507 298 caro
526 250 642 313 umor,
661 252 725 339 squ

191 416 208 457 u
234 399 320 457 sociis
341 399 499 472 attulisset3
520 410 549 458 st
570 401 682 459 ceteris
702 402 732 460 in
752 402 838 461 rebus
858 421 971 464 comam

189 513 258 572 erga
275 495 455 571 Lysandrum
474 507 559 573 atque
586 498 744 556 humanum
770 499 868 573 fnisse,
891 511 920 559 et
942 501 970 559 ei

183 591 340 667 'quemdum
367 603 544 670 conseptum·
567 613 677 672 agrum,
698 595 851 674 diligenter
878 598 972 655 consi-

188 698 258 761 tum,
286 690 455 749 ostendisse.
496 690 572 748 Cum
593 702 694 750 autem
709 692 896 752 admiraretur
916 694 971 771 Ly·

151 786 291 844 scandet
321 797 350 845 et
368 788 556 864 proceritates
580 789 724 862 arborum,
738 799 768 847 et
791 790 917 849 directos
939 790 969 849 in

186 882 379 958 quincuncem
393 883 519 956 ordines,
533 895 562 942 et
575 884 693 944 humum
713 887 863 945 subactam
885 897 969 963 atque

185 998 296 1056 puram,
317 990 347 1038 et
366 981 535 1039 suavitatem
556 981 676 1040 odorum
698 982 748 1058 qui
768 983 931 1041 afflarentur
951 1002 969 1041 c

185 1075 319 1146 floribus3
340 1086 401 1134 tum
422 1075 537 1149 dixisse,
551 1078 649 1136 mirari
668 1096 700 1135 se
720 1097 780 1136 non
799 1079 886 1137 modo
907 1079 969 1138 dili·

185 1172 322 1249 gentiam,
336 1173 387 1230 sed
401 1174 488 1232 etiam
513 1174 658 1233 solertium
678 1174 750 1252 ejus,
765 1195 782 1233 a
797 1195 855 1251 quo
873 1189 969 1235 essent

134 1270 169 1326 10
185 1268 234 1326 illa
250 1268 384 1341 dimenso
405 1279 490 1346 atque
509 1271 667 1347 descripta3
699 1272 777 1330 etei
798 1271 905 1348 Cyrum
926 1291 969 1331 re-

182 1366 350 1442 spondisse:
372 1366 493 1442 “Atqui
513 1386 568 1445 ego
586 1368 684 1427 omnia
703 1369 758 1427 istc
777 1368 969 1426 sum·dimen·

181 1482 250 1522 sus:
278 1463 336 1521 mei
355 1474 421 1523 sunt
442 1464 569 1538 ordines,
590 1484 656 1523 mea
675 1465 849 1541 descripti03
871 1465 968 1527 multu

182 1560 270 1618 etiam
297 1560 415 1619 istarum
437 1562 570 1621 arborum
590 1562 655 1620 msc
675 1580 763 1620 mann
783 1571 850 1619 sunt
869 1563 966 1621 satae.”

184 1653 264 1713 Tum
285 1655 475 1731 Lysandrum,
490 1656 650 1715 intuentem
669 1656 732 1733 ejus
752 1675 918 1733 purpuram,
938 1667 968 1716 et

137 1758 168 1807 15
184 1751 307 1810 nitorem
329 1753 468 1828 corporis,
490 1763 679 1828 ornatumque
703 1753 852 1811 Persicum
876 1753 967 1815 multo

185 1867 255 1906 auro
278 1848 431 1924 multisque
454 1849 586 1926 gemmis,
607 1849 731 1908 dixisse:
753 1849 875 1908 “Recte
898 1866 967 1909 vero

183 1957 222 2016 te,
237 1942 323 2019 Cyre,
338 1945 452 2002 beatum
466 1944 571 2018 ferunt,
586 1945 721 2020 qnoniam
736 1946 833 2005 virtuti
842 1956 900 2004 tuae
910 1945 967 2004 for-

182 2049 254 2098 tune
267 2040 422 2117 conjuncta
435 2042 506 2099 est.''

221 2136 288 2195 Hac
302 2137 388 2215 igitur
402 2137 517 2197 fortund
529 2139 586 2207 frui
599 2139 669 2199 licet
681 2140 815 2198 senibus:
829 2158 885 2197 noc
897 2150 966 2199 oetas

134 2248 166 2300 20
182 2233 311 2311 impedit,
331 2235 485 2310 quominus
505 2246 535 2294 et
555 2246 723 2295 caeterarum
743 2256 849 2308 rerum,
864 2246 892 2294 ot
913 2236 965 2294 im·

181 2331 282 2408 primis
304 2331 365 2409 agri
388 2332 513 2405 colendi,
534 2334 630 2391 studia
649 2343 798 2392 teneamus
818 2352 908 2408 usque
929 2333 965 2392 nd

179 2428 314 2487 ultimum
326 2438 439 2505 tempus
453 2430 618 2488 senectutis.
660 2429 702 2489 M.
724 2430 839 2505 quidem
854 2429 965 2489 Valeri·

179 2543 228 2583 um
249 2524 376 2585 Corvum
396 2526 560 2603 accepimus
580 2526 616 2585 ad
637 2527 825 2585 centesimum
857 2544 964 2585 annum

179 2621 357 2698 perduxisse,
380 2641 446 2681 cnm
467 2633 543 2681 esset
565 2623 631 2681 acti
651 2622 710 2699 jam
732 2633 814 2681 aetate
830 2624 861 2680 in
876 2623 962 2701 agris,

132 2722 164 2773 25
180 2736 285 2795 eosque
306 2718 428 2777 coleret:
458 2719 539 2796 cujus
561 2718 635 2777 inter
658 2719 780 2795 primum
803 2729 832 2777 et
852 2730 963 2789 sertum

179 2815 370 2888 consulatum,
384 2835 435 2873 sex
444 2826 473 2874 et
486 2815 675 2892 quadraginta
688 2815 960 2874 unniinterfnerunt

179 2909 281 2986 Itaque
295 2922 433 2988 quantum
443 2912 566 2988 spatium
580 2911 672 2970 aetatis
685 2911 808 2990 majores
820 2911 911 2971 nostri
925 2910 962 2968 ad

177 3009 338 3066 senectutis
348 3008 460 3066 initium
475 3026 538 3066 esse
552 3007 711 3082 voluerunt,
725 3019 821 3069 tantus
841 3008 883 3066 illi
898 3025 962 3065 cur-
