2186 3532
138 256 178 319 rt
337 266 474 326 umarus,
492 266 567 314 srva
587 266 630 313 nu
649 266 808 314 amerus„

183 414 299 492 optimis
315 414 475 491 quibusque
495 414 613 473 honoris
634 426 779 473 certamen
799 424 829 472 et
848 414 967 492 gloria,

183 531 220 573 cx
240 514 296 585 quo
311 510 477 569 inimicitias
496 511 634 569 maximas
648 530 724 587 srepe
739 512 813 569 inter
828 512 971 570 amicissi-

184 626 246 665 mos
259 607 409 664 exstitisse.
441 605 551 684 Magna
560 607 647 664 etiam
662 607 790 680 dissidia,
802 618 832 666 et
843 607 978 684 plerum·⁴

184 724 239 780 que
259 704 337 781 justa
360 703 451 776 nasci,
473 723 541 760 cum
564 704 671 779 aliquid
696 705 732 762 ab
757 704 867 777 amicis,
889 705 968 780 quod

153 807 295 858 brectum
312 820 371 858 non
389 811 475 872 esset,
488 800 696 876 postularetur;
718 811 750 859 ut
771 811 819 859 aut
839 801 968 860 libidinis

184 896 317 969 ministri,
333 906 381 955 aut
395 896 540 972 adjutores
553 908 649 955 essent
663 897 698 955 ad
712 896 845 974 injuriam
861 918 869 955 ι
890 897 969 973 quod

184 993 233 1069 qui
247 1003 422 1064 recusarent,
437 993 566 1068 quamvis
583 993 702 1051 honeste
720 993 750 1050 id
770 993 908 1065 facerent,
920 993 968 1070 jus

182 1101 279 1147 tamen
294 1088 429 1146 amicitie
442 1089 574 1147 deserere
589 1099 775 1166 arguerentur
794 1090 830 1146 ab
850 1089 886 1147 iis
907 1090 969 1165 qui·

184 1187 238 1245 bus
261 1185 380 1261 obsequi
404 1186 535 1243 nollent:
564 1185 629 1243 illos
653 1195 758 1258 autem,
783 1185 833 1261 qui
855 1185 969 1262 quidvis

138 1289 170 1338 10
186 1283 221 1341 ab
242 1282 335 1340 amico
356 1283 494 1341 cuderent
512 1282 668 1359 postulare,
688 1281 881 1358 postulatione
905 1282 969 1358 ipsi

184 1378 320 1456 profiteri,
341 1378 439 1436 omnia
460 1398 492 1437 se
517 1378 603 1441 aruici
623 1378 712 1437 causti
734 1398 797 1436 esse
821 1378 967 1437 facturos:

184 1495 285 1534 eorum
298 1475 415 1551 quarelb
433 1475 604 1534 inveteratas
622 1494 681 1533 non
694 1475 780 1533 modo
794 1475 969 1533 familiarite·

184 1583 229 1630 tes
246 1573 396 1650 exstingui,
410 1572 513 1656 solere,
527 1572 577 1631 sed
591 1572 678 1631 etiam
691 1572 758 1631 odia
771 1572 852 1650 gigni
865 1572 969 1649 sempi-

182 1680 274 1727 terna
321 1670 395 1728 Hac
418 1669 460 1728 its
482 1669 580 1741 multa,
605 1668 687 1744 quasi
710 1669 778 1742 fata,
802 1669 969 1745 impendere

138 1776 170 1827 15
188 1766 344 1838 amicitiis„
358 1776 400 1837 ut,
426 1766 525 1823 omnia
555 1765 764 1842 subterfugere,
791 1785 848 1824 non
882 1765 969 1824 modo

183 1862 342 1938 sapientie,
375 1862 427 1920 sed
460 1861 547 1919 etiam
581 1861 737 1935 felicitatis,
771 1862 880 1921 diceret
913 1863 969 1921 sibi

186 1957 284 2017 rideri

224 2151 279 2213 XI.
318 2151 517 2214 Quamobrem
548 2153 576 2212 id
609 2153 733 2230 primum
759 2153 916 2226 videamus,
943 2153 968 2211 si

186 2250 290 2327 placet,
306 2250 448 2326 quitenus
469 2269 548 2309 amor
568 2250 598 2308 in
620 2250 747 2309 amicitiai
767 2251 902 2328 progredi
921 2251 970 2308 de·

138 2354 172 2407 22
187 2348 263 2405 beat.
285 2391 289 2399 .
302 2346 391 2418 Num,
407 2346 431 2405 si
446 2346 621 2405 Coriolanus
641 2347 741 2405 habuit
757 2347 879 2419 amicos,
895 2332 969 2406 ferre

187 2458 288 2503 contra
296 2443 417 2521 patriam
428 2463 507 2502 arma
520 2443 561 2502 illi
575 2463 643 2502 cum
657 2444 814 2509 Coriolano
824 2443 970 2502 debuerel

186 2559 255 2601 aum
283 2540 473 2598 Viscellinum
502 2540 597 2612 amici,
626 2559 747 2617 regnum
775 2550 969 2617 appetentem,

187 2655 257 2695 uum
271 2637 319 2713 Sp.
335 2635 475 2709 Maelium,
489 2637 651 2695 debuerunt
661 2636 780 2713 juvaret

212 2733 274 2815 ,Ti
286 2733 402 2809 quidem
412 2733 577 2791 Gracchum
591 2732 797 2809 rempublicam
809 2743 969 2804 vexantem,

138 2834 173 2897 z
188 2828 257 2891 αθ.
268 2829 436 2902 Tuberone,
447 2829 659 2905 equalibusque
674 2829 785 2902 amicis,
799 2829 970 2888 derelictum

173 2925 361 2986 lvidebamus.
410 2927 451 2983 At
474 2924 509 2987 C.
534 2925 658 2998 Blosius,
683 2925 842 2998 Cumanus,
866 2926 971 3002 hospes
1078 2910 1079 2915 ἵ

188 3018 302 3083 familie
315 3034 425 3101 remae,
435 3021 655 3100 Scaevolatcum
669 3022 705 3081 ad
719 3041 775 3095 me,
790 3022 839 3099 qui
853 3022 971 3081 aderam
