2186 3532
316 298 319 299 ν
396 274 440 321 nn
455 275 660 325 ennucrurn.
921 269 963 339 ul

123 413 166 483 ‚E
186 416 292 495 Dasio,
306 421 365 498 qui,
380 422 576 501 quinquennio
597 435 663 483 anta
681 444 747 485 enm
761 426 919 500 oonsnlem,

120 531 165 583 ‚se
183 535 238 594 pro
263 518 422 595 republiod,
442 530 544 597 quarto
570 521 733 594 consulatu,
757 524 918 583 devorarat

120 609 229 673 Norat
255 614 380 673 eundem
400 615 569 689 Fabricium
590 617 676 677 adrat
698 618 918 692 Coruncanium

130 709 192 787 qui,
207 729 275 770 enm
287 713 389 770 exsuti
403 713 471 786 vital,
486 724 547 772 tum
562 733 599 779 ex
611 715 684 792 ejus,
693 734 778 792 quem
792 717 870 790 dieo,
885 717 918 777 P.

129 804 219 867 Desii
243 806 330 880 sueto,
357 809 536 886 judicabant,
561 829 626 869 esse
651 812 783 888 profecto
810 813 950 890 aliquid5

129 904 235 963 natnrd
260 905 412 981 pulchrum
441 917 525 984 atque
551 908 732 985 preclarum,
759 909 837 985 quod
864 911 918 969 sut

129 1009 233 1081 sponte
252 1011 407 1078 peteretur,
431 1004 574 1081 quodque,
587 1006 706 1112 spreta
708 1014 738 1063 et
751 1007 918 1084 contempus

129 1096 284 1175 voluptate,
299 1100 425 1176 optimus
440 1101 559 1177 quisque
573 1073 751 1178 sequeretur.

166 1194 317 1258 Quorsum
338 1196 425 1274 igitur
439 1208 497 1255 tam
518 1197 608 1255 multa
621 1197 658 1255 da
671 1198 836 1275 voluptatel
850 1199 918 1276 quia

127 1309 188 1353 non
209 1291 298 1381 modo
318 1292 489 1370 vituperatio
512 1294 602 1367 nulla,
624 1294 675 1352 sed
697 1295 784 1355 etiam
805 1315 918 1355 summa
933 1299 964 1349 10

126 1386 191 1449 laus
214 1391 373 1449 senectutis
396 1402 450 1461 est,
475 1391 552 1467 quod
578 1411 615 1449 ea
637 1391 796 1468 voluptates
823 1393 917 1451 nullas

127 1503 303 1564 magnopere
325 1486 477 1544 desiderat.
517 1486 608 1544 Caret
629 1486 732 1563 epulis,
753 1489 917 1546 exstructis·

127 1600 184 1660 que
204 1581 321 1654 mensis,
335 1592 365 1640 et
378 1581 575 1657 frequentibus
595 1583 728 1658 poculisl
749 1593 828 1640 earet
848 1603 938 1660 ergo,

17 1696 21 1701 ’
128 1677 216 1737 etiam
249 1678 417 1751 vinolentid,
446 1690 474 1737 et
509 1678 662 1751 cruditate,
693 1690 723 1738 et
757 1680 914 1738 insomniis.

124 1774 198 1849 Sed,
220 1775 244 1832 si
266 1775 371 1852 sliquid
392 1775 518 1834 dandum
540 1785 585 1834 est
610 1776 758 1852 voluptati,
779 1776 915 1852 qnoniam
927 1778 962 1836 415

127 1872 189 1950 ejus
221 1873 369 1931 blanditiis
395 1891 454 1931 non
488 1874 574 1932 facile
601 1873 776 1945 obsistimus
805 1871 915 1950 (divine

127 1969 205 2028 enim
219 1968 302 2027 Plato
315 1988 412 2028 eseam
425 1969 567 2029 malornm
583 1970 757 2046 voluptatem
779 1970 914 2047 appellat,

126 2066 201 2142 quod
224 2066 259 2124 ela
279 2065 414 2124 videlieet
440 2067 573 2125 homines
594 2066 754 2144 sapiuntur,
776 2077 808 2125 ut
828 2068 914 2127 humo

125 2163 234 2244 pisoer)
262 2182 426 2240 quanquam
460 2162 658 2220 immoderatis
691 2163 783 2239 epulis
817 2172 914 2221 careat

126 2269 271 2331 senectus,
305 2259 428 2317 modieis
462 2269 558 2317 tamen
595 2258 736 2316 eonviviis
775 2257 914 2316 delectari
929 2268 960 2318 Β]

125 2365 227 2434 potest.
269 2355 304 2414 Ο.
316 2355 467 2426 Duillium,
483 2354 524 2414 M.
540 2354 631 2412 filium
640 2354 689 2431 qni
702 2354 808 2413 Poenos
821 2352 914 2412 classe

124 2453 233 2531 primus
247 2452 401 2523 devicerat,
416 2444 584 2510 redeuntem
599 2470 616 2508 a
629 2450 713 2509 eoend
726 2469 825 2507 senem
839 2468 914 2525 saepe

125 2549 258 2607 videbam
282 2567 370 2627 puer3
399 2548 596 2606 delectabatur
624 2548 727 2605 erebro
755 2546 857 2618 funali,
884 2557 914 2604 et

125 2644 255 2717 tibicine,
294 2666 357 2722 qun
395 2643 461 2717 sibi,
500 2643 581 2733 nullo
613 2643 752 2725 exemplq,
786 2642 913 2757 privatus

125 2752 303 2817 sumpserat:
324 2752 437 2801 tuntum
451 2724 551 2799 licerit
530 2732 577 2798 tm
592 2740 679 2798 dabat
692 2739 867 2818 gloriam
871 2748 959 2799 §lb

164 2836 224 2896 Sed
239 2837 307 2914 quid
320 2857 375 2916 ego
390 2837 480 2897 aliosl
502 2837 538 2895 ad
551 2837 692 2913 meipsum
704 2836 762 2913 jam
777 2845 911 2895 revertar.

124 2934 254 2997 Primum
264 2933 352 3007 habui
362 2954 473 3012 semper
484 2933 613 2992 sodales:
628 2932 794 2991 sodalitates
805 2942 911 3006 nutem,

124 3051 171 3093 me
203 3040 355 3111 questore,
386 3031 549 3090 constitute
583 3039 660 3102 sunt,
695 3028 785 3088 saeris
824 3027 911 3089 ldnis
