2186 3532
422 281 466 328 nn
487 281 688 329 sannorum.
950 269 971 337 9

181 427 220 487 Π.
251 429 358 505 Scipio.
399 429 605 506 Saepenumero
620 428 753 488 admuari
767 429 847 487 soleo
858 446 926 486 cum

141 524 199 584 boc
210 523 244 583 Ο.
260 523 361 596 Lelio,
372 515 433 582 tum
447 535 616 583 ceterarum
629 543 725 582 rerum
740 535 817 583 tuam
832 523 926 583 excel·

141 622 260 693 lentem,
274 619 316 679 M.
331 620 414 693 Cato,
430 621 644 697 perfectamque
665 621 843 698 sapientiam,
864 629 926 678 tum

142 717 187 774 vel
202 716 334 789 maxime,
349 717 425 792 quod
439 736 586 793 nunquam
600 727 777 776 senectutem
791 716 845 774 tibi
863 736 926 794 gra·

35 818 39 826 '
143 831 207 870 vem
231 831 294 870 esse
317 813 472 871 senserim:
487 833 550 889 quae
573 810 717 889 plerisque
741 813 858 871 senibus
882 813 955 878 sic5

143 908 244 967 odiosa
273 920 326 983 est,
353 921 386 969 ut
411 929 485 968 onus
511 929 543 967 se
570 909 659 969 AEtnsa
687 910 801 988 gravius
826 910 925 968 dicant

143 1006 292 1065 sustinere.

183 1102 264 1162 Cato.
305 1103 383 1160 Rem
406 1103 483 1160 haud
504 1122 573 1161 sane
598 1103 754 1177 difficilem,
776 1102 876 1179 Scipio
896 1112 926 1161 et

143 1198 225 1272 Laeli,
238 1199 371 1257 admirari
382 1198 526 1258 videmini.
559 1199 678 1262 Quibus
691 1200 768 1257 enim
779 1200 851 1258 nibil
862 1199 925 1277 opis

142 1306 186 1354 est
200 1297 230 1354 in
244 1296 313 1372 ipsis
328 1296 363 1353 ad
374 1297 447 1353 bene
461 1279 600 1372 beateque
612 1296 773 1369 vivendum,
785 1297 820 1354 iis
830 1297 925 1355 omnis
940 1302 970 1352 10

143 1393 237 1471 gravis
250 1402 294 1450 est
308 1403 395 1451 etas:
416 1376 466 1468 qui
481 1404 575 1450 autern
589 1393 687 1453 omnia
703 1394 781 1451 bona
795 1413 811 1451 a
824 1393 925 1470 seipsis

142 1500 253 1566 petunt,
265 1488 301 1547 iis
311 1489 382 1562 nihil
399 1499 493 1564 potest
502 1489 609 1546 malum
620 1489 720 1561 videri,
729 1490 806 1564 quod
816 1501 924 1548 natura

143 1585 301 1644 necessitas
320 1585 425 1643 afferat.
465 1585 536 1647 Quo
551 1585 580 1643 in
595 1604 701 1662 genere
715 1585 744 1643 in
763 1585 863 1662 primis
883 1595 926 1644 est

143 1692 287 1754 senectus,
308 1700 394 1758 quam
415 1692 447 1740 ut
467 1681 670 1758 adipiscantur,
691 1701 792 1740 omnes
809 1692 924 1758 optant:

143 1779 264 1838 eandem
279 1789 417 1838 accusant
438 1779 532 1855 adepti
548 1799 554 1837 :
576 1789 656 1847 tanta
669 1789 713 1839 est
733 1778 926 1837 inconstantia
941 1788 971 1838 15

143 1875 281 1949 stultitia,
297 1886 381 1952 atque
394 1876 571 1952 perversitas.

183 1970 341 2050 Obrepere,
356 1972 446 2044 aiunt,
467 1991 530 2030 eam
552 1971 638 2029 citius
662 1991 747 2047 quam
767 1972 924 2047 petissent.

143 2067 283 2143 Primum,
304 2069 368 2145 quis
395 2068 493 2146 coegit
519 2086 570 2125 eos
593 2068 696 2126 falsum
722 2071 844 2144 putaret
875 2069 924 2145 qui

144 2166 222 2224 enim
242 2165 329 2225 citius
349 2164 549 2223 adolescentie
569 2175 713 2237 senectus,
728 2184 813 2241 quam
831 2166 926 2242 pucri-

144 2263 192 2323 tiae
217 2261 420 2337 adolescentia,
439 2261 571 2337 obrepitt
611 2259 736 2335 Deinde,
758 2262 806 2338 qui
830 2263 926 2320 minus
939 2270 972 2322 ω

143 2359 238 2438 gravis
266 2369 340 2417 esset
369 2357 405 2416 iis
431 2367 575 2428 senectus,
602 2355 626 2414 si
656 2358 927 2436 octingentesimum

146 2475 252 2515 annum
266 2463 393 2534 agerent,
408 2472 494 2530 quam
508 2454 738 2532 octogesimuml
778 2454 929 2513 Preterita

146 2551 223 2610 enirn
237 2562 315 2623 aetas,
336 2549 465 2626 quamvis
478 2549 575 2627 longa,
590 2569 656 2607 oum
671 2549 833 2621 effluxisset,
848 2549 927 2607 nulla

146 2648 342 2707 consolatione
367 2645 547 2725 permulcere
570 2656 669 2722 posset
690 2645 805 2704 stultam
829 2664 928 2703 senec·

145 2752 244 2803 tutem.
940 2759 972 2809 25

183 2836 344 2912 Quocirca,
355 2839 379 2898 si
389 2838 559 2917 sapientiam
569 2857 662 2896 meam
675 2837 808 2895 admirari
819 2837 927 2912 soletis,

146 2934 225 3013 (qua
238 2932 347 2992 utinam
357 2935 449 3013 ‘digna
462 2942 538 2992 esset
551 2931 687 3009 opinione
701 2933 804 3004 vestri,
818 2943 928 2992 nostro-
1000 2967 1006 2973 ·

145 3049 201 3109 que
215 3028 388 3109 cognomine
397 3031 420 3112 1)
441 3030 472 3090 in
491 3030 548 3088 hoc
571 3047 670 3087 sumus
684 3027 836 3106 sapientes,
851 3027 929 3107 quod
