2178 3526
137 256 192 321 ,Ἥ
334 264 837 332 amusssivsossmoim.

195 421 199 428 '
237 417 365 479 Tantum
388 430 483 485 autam
505 421 610 498 suique
633 420 828 493 tribuendam,
848 418 988 501 primum,

181 525 335 592 ‘quantum
350 518 533 594 ipsooffioere
543 518 636 596 possis
644 538 652 591 3
674 518 779 577 deindo
789 517 886 591 otiam,
895 525 990 594 qaan-

195 623 258 672 tum
277 613 336 687 ille,
351 633 436 690 quem
456 615 560 693 diligas
580 625 666 691 atquo
685 614 811 692 adjuves,
832 614 988 674 sustinere.

196 709 227 768 N
228 730 267 771 oo
280 712 358 773 enim
370 722 403 771 tu
415 713 518 790 possis,
532 712 715 789 quantumvis
735 710 869 783 similas,
883 728 989 771 omnes

89 886 91 889 ι
161 822 182 872 5
196 817 262 868 tuos
276 809 312 866 ad
326 809 449 868 honores
460 809 650 886 amplissimos
657 810 830 886 perducam
841 819 874 866 ut
884 807 989 886 Scipio

195 904 228 964 P.
240 905 385 964 Rutilium
395 905 489 983 potuit
502 907 652 965 consulem
660 906 786 978 efficere,
796 906 913 964 fratrom
923 905 988 983 ejas
1005 913 1012 933 ⁸

196 1002 320 1061 Lucium
333 1022 392 1060 non
406 1003 507 1080 potuit.
519 1038 532 1058 .=
548 1004 639 1066 Quod
652 1004 677 1060 si
698 1003 785 1061 otiam
797 1003 890 1081 possis
904 1000 990 1080 quid·

195 1098 238 1156 vis
248 1098 359 1156 deferre
374 1099 409 1156 ad
424 1099 554 1172 alterum,
569 1098 724 1167 videndum
737 1108 901 1173 esttamen,
915 1097 988 1177 quid

195 1193 244 1255 ills
257 1195 349 1271 possit
364 1196 514 1255 sustinere.

151 1303 181 1354 1⁰
234 1290 364 1351 Omnino
385 1292 530 1366 amicitis,
544 1292 739 1352 corroboratis
755 1292 815 1371 jam
835 1292 988 1363 confirma·

194 1387 288 1465 tiaque
309 1401 340 1447 et
361 1389 486 1468 ingeniis
509 1401 539 1449 et
559 1390 700 1464 mtstibos,
716 1390 880 1467 judicando
899 1404 986 1450 suot:

194 1505 261 1559 noo,
274 1486 300 1548 si
313 1486 372 1564 qui,
388 1487 506 1546 ineunte
518 1499 618 1561 atate,
633 1487 755 1546 venandi
776 1497 826 1545 sut
844 1486 910 1563 pilae
927 1498 987 1546 stu·

195 1583 270 1643 diosi
284 1584 400 1656 fuerint,
412 1604 461 1661 sos
471 1585 576 1643 habere
590 1584 767 1643 necessarios
777 1593 901 1660 oportet,
912 1602 986 1660 quos

196 1690 257 1738 tum
271 1680 373 1739 eodem
385 1681 481 1740 studio
494 1681 629 1762 proditos
640 1680 818 1739 dilexerunt:
839 1679 896 1738 isto
906 1680 986 1740 enim

151 1792 183 1842 15
196 1777 284 1835 modo
298 1778 426 1837 nutritas
445 1788 475 1836 et
493 1777 654 1855 pedagogi,
665 1777 730 1853 jure
750 1776 909 1850 vetustatis,
923 1777 986 1854 piu·

195 1874 300 1932 timum
312 1874 519 1933 benevolentia
531 1874 736 1951 postulabunt:
757 1873 806 1950 qai
817 1873 986 1952 negligendi

195 1969 313 2045 quidem
327 1972 478 2043 oon'aunt,
489 1970 539 2028 sed
551 1970 607 2029 aiio
619 1970 745 2047 quodam
758 1970 845 2028 modo
859 1970 984 2031 colendi.

196 2065 291 2124 Aliter
313 2067 447 2126 amicitias
466 2068 583 2125 stabiles
601 2085 769 2144 parmanere
783 2086 841 2126 non
854 2077 984 2145 possunt

196 2162 335 2239 Disparss
348 2164 425 2222 enim
439 2183 544 2236 mores,
555 2163 681 2241 disparis
696 2163 800 2236 studia,
814 2175 984 2241 sequuntur,

149 2277 182 2329 20
197 2281 318 2338 qaorum
329 2261 532 2320 dissimilitudo
540 2261 677 2320 dissociat
691 2261 849 2320 amicitias:
869 2280 936 2335 noo,
946 2263 984 2322 ob

140 2418 143 2421 .
197 2358 283 2417 aliam
309 2377 426 2417 oausam
459 2357 555 2430 ullam,
583 2357 653 2416 boni
686 2356 833 2434 improbis,
861 2356 984 2435 improbi

195 2454 290 2527 bonis,
306 2454 478 2533 amiciesss
498 2473 558 2513 non
576 2462 706 2531 possunt,
728 2453 784 2512 nisi
806 2454 883 2529 quod
905 2465 986 2514 tanta

195 2562 239 2612 ost
253 2551 327 2613 inter
341 2570 401 2624 eos,
415 2562 522 2628 quanta
541 2551 666 2611 maxims
677 2560 772 2629 potest
784 2570 858 2625 osse,
871 2569 985 2612 morum

195 2650 412 2725 studiorumque
425 2648 568 2709 distantia

149 2753 184 2800 95
237 2746 333 2805 Recte
352 2746 439 2806 etiam
463 2745 582 2824 proeoipi
601 2756 695 2822 potest
718 2744 748 2804 in
773 2745 919 2819 amicitiis,
946 2765 984 2807 no

197 2843 387 2921 intomperata
399 2843 529 2919 quasdam
540 2842 740 2901 benevolentia
751 2842 843 2921 (quod
856 2862 984 2922 porsoeps

196 2939 243 3019 fit)
258 2940 395 3017 impediat
413 2958 533 3016 magnas
552 2939 689 2999 utilitates
708 2939 877 3000 amicorum.
916 2939 985 3003 Neo

197 3020 275 3094 enim
291 3035 336 3113 (ut
350 3036 386 3095 ad
407 3035 518 3095 sabulos
537 3036 666 3117 rodoam)
687 3035 808 3113 Trojam
827 3035 985 3116 Neoptole-
