2186 3532
144 268 188 335 ὕ
350 283 494 344 nasama,
509 283 586 333 srrs
603 283 648 332 nu
666 280 823 336 marris.

185 484 188 489 ,
232 412 460 510 Agrigentiduur
481 435 609 511 quidem,
630 435 747 494 doctum
772 435 915 512 quendam
941 424 985 494 ri-

1077 402 1079 507 l

193 547 268 602 rum,
282 530 459 589 carminibus
472 532 582 591 Graecis
596 531 783 590 vaticinatum
798 532 903 604 ferunt,
918 550 985 607 quar
1077 544 1079 619 j

1077 632 1079 671 r

1075 680 1079 795 l

185 624 224 683 in
239 644 335 685 rerum
348 627 452 685 natura
465 638 584 703 totoque
597 627 707 685 mundo
720 637 896 701 constarent,
907 646 985 704 quur·

192 740 249 796 que
270 733 464 795 morerentur,
485 742 521 782 ea
540 725 711 782 contrahere
733 724 900 796 amicitiam,
925 724 985 782 dis-

162 819 286 896 5sipare
307 819 491 879 discordiam.
531 821 631 896 Atque
657 820 715 879 hoc
741 821 856 897 quidem
880 838 985 878 omues

192 916 328 975 mortales
340 926 370 974 et
384 916 558 994 intelligunt,
573 927 603 975 et
615 935 648 974 re
659 917 791 993 probant.
831 915 942 992 Itaque,
957 915 983 975 si

86 1064 95 1075 .
184 1013 307 1087 =,quando
319 1013 434 1087 aliquod
445 1013 573 1072 officium
583 1014 690 1072 exstitit
702 1012 788 1071 amici
802 1013 832 1072 in
845 1012 984 1090 periculis

193 1119 243 1169 aut
263 1109 403 1183 adeundis
424 1119 474 1168 aut
493 1110 754 1183 communicandis,
775 1110 840 1186 quis
860 1119 914 1183 est,
932 1109 983 1187 qui
1078 1120 1079 1161 4

192 1204 222 1262 id
236 1224 296 1262 non
310 1205 442 1264 maximis
455 1207 555 1265 efferet
568 1207 724 1265 laudibusl
763 1206 826 1270 Qui
840 1207 985 1266 clamores

146 1302 177 1352 1⁰
192 1301 253 1360 total
274 1302 363 1360 careal
389 1322 480 1379 nuper
501 1304 531 1361 in
552 1304 673 1381 hospitis
692 1314 722 1362 ot
742 1303 828 1362 amici
850 1303 917 1376 mei,
938 1302 983 1362 M.

139 1442 142 1453 .
190 1397 322 1471 Pacuvii,
336 1399 412 1457 novi
426 1400 523 1459 sabuli
531 1422 539 1472 ;
554 1398 638 1474 cum,
653 1401 805 1479 ignorante
824 1419 903 1477 roge,
917 1409 983 1458 amr

192 1513 292 1553 eorum
316 1507 393 1555 esset
415 1496 547 1571 Orestes,
565 1497 689 1575 Pylades
709 1497 843 1555 Orestem
862 1515 895 1554 se
917 1515 983 1555 esse

191 1591 313 1664 diceret,
326 1603 358 1651 ut
370 1612 425 1670 pro
438 1594 488 1652 illo
500 1604 670 1664 necaretu13
690 1592 810 1651 Orestes
823 1603 930 1666 autem,
941 1593 984 1652 ita

191 1698 223 1745 ut
236 1699 309 1760 erat,
322 1688 457 1748 Orestem
478 1709 509 1747 se
529 1709 592 1748 esse
609 1690 822 1766 perseveraret!
863 1689 982 1748 stantes

146 1787 176 1836 15
191 1783 367 1859 plaudebant
388 1785 418 1842 in
439 1803 471 1842 re
490 1784 579 1842 aut:
599 1784 667 1859 quid
684 1785 855 1845 arbitramur
868 1785 899 1842 in
914 1784 983 1847 vert

192 1878 282 1936 luisse
303 1879 450 1939 facturosl
498 1879 598 1939 Facile
611 1880 770 1949 ¹indicebat
793 1881 856 1958 ipsa
877 1890 982 1940 natura
1065 1898 1069 1910 ·

191 1973 249 2031 virn
269 1993 363 2046 suam,
383 1995 448 2033 curn
469 1975 611 2047 homines,
629 1969 709 2052 ¹quod
730 1976 826 2035 facere
846 1976 900 2053 ipsi
920 1994 981 2036 non

190 2079 317 2145 possent,
332 2069 361 2127 id
375 2079 454 2128 recte
467 2070 529 2128 fieri
544 2069 574 2128 in
589 2070 679 2128 altero
689 2070 861 2147 judicarent.

231 2165 383 2224 Hactenus
402 2166 473 2224 mihi
490 2166 600 2239 videor,
613 2167 650 2225 de
664 2167 793 2225 amicitiai
809 2167 878 2245 quid
894 2169 983 2228 senti·

144 2265 176 2316 20
191 2281 264 2334 rem,
273 2262 400 2339 potuisse
411 2263 517 2323 dicere.
552 2264 642 2339 Siqua
650 2273 789 2340 preterea
800 2275 868 2323 sunt
879 2264 981 2342 (oredo

141 2400 146 2420 r
192 2367 288 2416 autern
308 2377 371 2416 esse
392 2359 508 2440 multa),
524 2359 563 2418 ab
579 2359 624 2432 iis,
643 2360 667 2417 si
686 2359 840 2434 ridebitur,
856 2361 904 2438 qui
924 2342 982 2421 ista

191 2454 349 2530 disputant,
363 2455 521 2530 quaeritote.

230 2550 372 2609 Fannius.
413 2551 478 2610 Nos
495 2562 590 2610 autem
605 2562 665 2611 ate
679 2552 793 2629 potius;
814 2573 980 2631 quanquam

191 2645 278 2704 etiam
293 2647 329 2704 ab
342 2646 404 2704 istis
415 2666 490 2724 saepe
501 2649 627 2724 quesivi,
639 2658 669 2706 et
683 2648 788 2721 audiri,
800 2669 859 2708 non
873 2650 980 2709 invitus
1075 2682 1077 2697 ι

73 2720 75 2723 ’
143 2752 175 2802 aa
191 2743 346 2819 equidem:
370 2743 421 2801 sor
446 2744 524 2803 anua
547 2745 691 2821 quosaam
715 2746 980 2822 expetissemus

141 2892 145 2902 ,
189 2838 330 2898 orationis
343 2849 408 2898 ture.

229 2933 365 2995 scevola.
406 2935 486 2995 Turn
510 2936 602 3014 magis
628 2936 657 2995 id
681 2936 805 3011 diceres,
829 2937 980 3011 Fanni,si
1078 2928 1079 2943 ¹

191 3046 281 3106 nuper
302 3030 332 3090 in
352 3031 442 3092 hortis
462 3032 620 3110 Scipionis,
636 3052 703 3107 cum
717 3044 761 3093 est
774 3034 812 3092 de
830 3032 980 3113 republicl
