2186 3532
696 20 702 53 Ι
799 1 802 2 ⁷
850 1 939 4 W

264 263 403 324 emitur,
422 262 496 311 srvi:
517 262 740 340 permerito
868 310 873 320 ‚
899 255 935 315 br

9 416 11 437 ³
107 408 275 470 moderate:
306 430 362 471 neo
387 411 516 489 potuisse
542 431 601 470 non
629 411 811 484 eommoveri,
835 430 892 470 neo

106 506 193 566 fnisse
208 508 237 566 id
252 508 438 569 humanitatis
448 517 521 566 ture:
539 507 616 585 quod
628 518 723 565 eutem
737 508 782 565 his
795 506 891 566 Nonis

104 603 135 661 in
146 615 246 662 nostro
257 603 381 682 collegio
394 623 453 662 non
468 604 608 678 mutares,
618 604 809 663 valetudinem
824 624 891 664 eeu·

103 719 177 773 eam,
191 721 250 759 non
264 701 437 776 moestitiam,
452 701 549 760 fuisse.

148 798 263 856 Loelr'ns.
304 797 400 856 Reote
419 808 451 856 tu
470 797 597 875 quidem,
612 798 752 873 Soaevola,
767 810 796 857 et
814 806 922 858 vereb

103 893 171 953 Neo
188 895 264 955 enim
287 897 322 955 ab
343 897 400 955 isto
418 897 525 970 offitio,
540 897 616 973 qnod
631 916 743 975 semper
756 897 890 974 usurpavi

103 1011 171 1050 oum
195 992 328 1067 valerem,
353 993 459 1052 ebduei
485 993 670 1053 inoommodo
693 1014 758 1052 meo
782 995 869 1053 debui
882 1014 890 1064 3
952 1034 954 1037 -

102 1107 159 1147 neo
185 1090 245 1148 ullo
272 1108 341 1150 orsu
368 1091 489 1149 arbitror
516 1092 573 1149 hoo
603 1093 748 1150 constanti
779 1091 889 1150 bomini

100 1197 186 1263 posse
201 1187 379 1266 contingere,
398 1198 431 1246 ut
450 1187 511 1246 ulla
530 1189 704 1246 intermissio
722 1190 772 1247 fiat
790 1189 887 1256 officii.

102 1281 151 1340 Tu
173 1293 278 1357 autem,
292 1283 398 1357 Fanni,
412 1284 461 1360 qui
481 1283 551 1342 mihi
570 1295 680 1343 tantum
695 1286 783 1343 tribui
804 1285 887 1358 diois,
904 1290 936 1341 lt

101 1390 239 1456 qnantum
265 1399 321 1458 ego
347 1400 404 1439 neo
432 1400 558 1457 agnosco
585 1400 641 1438 neo
668 1382 792 1457 postulo,
817 1382 889 1440 facis

102 1476 211 1533 emicet
232 1477 294 1549 sed,
307 1486 339 1534 ut
352 1476 424 1535 mibi
438 1476 552 1549 videris,
564 1496 621 1534 non
635 1487 714 1534 reete
725 1477 889 1553 judicando

100 1573 233 1631 Catone:
260 1583 309 1630 rut
330 1573 409 1630 enim
433 1592 519 1631 nemo
543 1573 635 1651 (quod
658 1573 774 1650 quidem
798 1574 890 1651 magis

100 1669 215 1748 eredo),
231 1679 289 1742 eut,
305 1669 329 1728 si
343 1669 503 1746 quiequam,
516 1670 564 1729 iile
578 1669 692 1747 rapiens
706 1670 767 1728 suit
808 1669 890 1733 Quo·

99 1767 188 1826 modo
208 1766 286 1824 enim
301 1766 347 1845 (ut
362 1764 419 1825 alie
431 1767 575 1848 omittam)
591 1777 711 1825 mortem
731 1767 781 1826 fiiii
800 1767 887 1829 tulitt
904 1775 935 1825 lt

99 1861 292 1921 Meminerant
313 1862 455 1935 Paulum3
479 1864 606 1922 videram
627 1864 762 1922 Gallum:
786 1864 836 1923 sed
858 1851 892 1925 ni'

100 1958 130 2018 in
156 1960 274 2037 pueris;
302 1959 378 2018 Cato
402 1959 432 2018 in
458 1961 589 2038 perfeeto
612 1971 642 2020 et
664 1971 793 2037 spectato
816 1961 886 2021 viro.

98 2055 299 2120 Quamobrem
323 2075 394 2115 eave
418 2057 524 2115 Catoni
549 2067 715 2134 anteponas,
739 2077 777 2116 ne
800 2058 887 2117 istum

98 2153 215 2233 quidem
236 2154 340 2230 ipsum,
355 2173 439 2229 quem
462 2154 568 2231 Apollo
582 2153 629 2231 (ut
643 2154 699 2233 oie)
713 2154 888 2231 sapientissi-

9 2284 11 2299 ι
97 2268 177 2308 mum
195 2250 344 2327 judicavit.
385 2250 481 2327 Hujus
501 2251 578 2327 enirn
600 2251 685 2324 faeta,
700 2251 777 2310 illiue
796 2250 884 2323 diota,
901 2264 948 2315 20:

97 2346 259 2406 laudantur.
301 2346 347 2405 De
367 2366 414 2405 me
435 2358 530 2406 tutem
545 2346 591 2426 (ut
608 2347 667 2424 jam
684 2368 751 2406 oum
766 2358 885 2423 utroque

96 2443 213 2524 loquar)
227 2444 271 2502 rio
284 2442 428 2503 habetote.

136 2636 193 2694 ΠΙ.
234 2637 309 2715 Ego,
330 2636 355 2696 si
376 2637 522 2714 Scipionis
542 2638 686 2697 desiderio
710 2656 756 2695 me
777 2642 884 2694 moveri

9 2720 10 2723 Ἴ
96 2752 213 2811 negem,
225 2752 308 2808 quam
323 2735 352 2791 id
365 2745 445 2792 reete
460 2734 574 2807 faniam,
588 2735 711 2792 viderint
724 2733 882 2809 sepientes:
945 2770 948 2775 >

96 2830 149 2890 ned
174 2838 253 2886 oerte
277 2831 406 2888 mentiar.
457 2830 578 2890 Moveor
602 2831 689 2903 enim,
713 2830 764 2888 tali
789 2830 883 2887 amieo
898 2839 930 2888 25

9 2930 10 2933 ’
96 2926 226 2997 orbatus,
245 2925 346 3001 qualis,
366 2936 398 2985 ut
414 2925 544 2999 arbitror,
559 2945 646 2984 nemo
666 2945 790 3002 unquam
811 2926 880 2998 erit;
940 2992 942 2995 ⁸

97 3032 137 3098 et,
152 3033 183 3081 ut
197 3021 368 3081 confirmare
386 3030 513 3100 postium,
527 3042 613 3082 nemo
627 3034 705 3082 certo
720 3021 781 3085 tuit.
823 3023 881 3083 Sed
