2186 3532
351 608 389 659 Μ.
409 607 532 661 TULLII
553 606 745 662 CICERONIS

151 799 278 868 cuno
294 802 456 886 namn,
474 805 560 871 suu
576 806 639 871 nn
658 806 938 889 sannorum,

474 963 482 988 ⁹
525 986 564 1023 ao

307 1132 339 1184 Τ.
368 1132 584 1217 ΡΟΜΡΟΝῙῙΙΜ
606 1133 781 1188 ΑΤΤῙΟΠΜ.

457 1322 632 1335 m

160 1472 163 1478 ’
182 1450 206 1511 Ῑ.
231 1471 247 1499 “
257 1468 281 1516 Ο
291 1468 369 1531 Tira,
379 1469 400 1518 ei
412 1469 471 1533 qnid
482 1486 530 1535 ego
540 1469 633 1534 adjuro,
640 1485 757 1520 curamve
768 1471 874 1534 levum,

175 1542 176 1545 '
257 1542 323 1606 'Quae
335 1565 403 1598 nunc
414 1556 439 1598 te
450 1550 542 1613 coquit,
553 1557 580 1599 et
590 1556 674 1600 verant
683 1550 710 1598 in
720 1557 819 1614 pectore
830 1552 889 1614 fixa,

256 1627 353 1692 Ecquid
364 1630 411 1678 erit
421 1629 493 1694 pretii
503 1631 512 1678 t
521 1629 537 1651 ”

152 1738 236 1799 Licet
250 1740 327 1799 enim
338 1743 467 1801 versibus
480 1742 583 1802 iisdem
596 1742 667 1801 mihi
682 1742 761 1801 affari
774 1752 813 1817 te,
825 1741 935 1816 Attice,

151 1837 256 1914 quibus
270 1838 371 1896 affatur
385 1839 592 1912 Flamininum,
948 1854 966 1904 5

227 1965 243 1992 ‘¹
251 1961 297 2012 Ille
308 1963 356 2025 vir,
366 1962 433 2012 haud
443 1964 535 2028 magud
545 1978 605 2012 cum
615 1978 651 2027 re,
661 1963 705 2012 aed
716 1963 801 2027 plenu’
813 1963 870 2013 fidel
880 1979 888 2024 3
897 1963 913 1985 ‘⁹

150 2096 323 2155 quamquam
337 2087 417 2136 certo
431 2078 504 2151 ecio,
518 2097 587 2151 non,
602 2088 634 2136 ut
647 2077 854 2149 Flamininum,

226 2202 384 2253 “Sollicitari
394 2210 429 2266 te,
439 2202 506 2266 Tite,
517 2204 553 2252 cic
563 2209 697 2267 noctesque
709 2203 838 2268 diesquess'

148 2312 227 2372 Novi
250 2312 328 2371 enim
352 2312 579 2372 moderationem
604 2312 692 2372 animi
720 2312 773 2387 tui,
797 2324 826 2372 et
849 2311 935 2388 requi·

148 2420 253 2481 tatem;
287 2420 374 2485 teque
406 2428 466 2468 non
493 2428 656 2488 cognomen
690 2409 783 2468 solum
810 2408 934 2467 Athenis
949 2418 979 2468 m

148 2505 325 2582 dependam,
356 2507 407 2564 scd
440 2506 658 2579 humanitatem,
691 2515 721 2566 et
752 2504 933 2583 prudentiam

149 2600 289 2682 intelligo.
330 2602 369 2661 Et
384 2612 481 2661 tamen
502 2601 643 2679 suspicor,
665 2601 766 2661 iisdem
788 2602 874 2659 rebus
894 2612 933 2675 te,

149 2697 254 2774 quibus
273 2699 424 2776 meipsum,
445 2684 589 2757 interdum
610 2698 725 2776 gravius
743 2698 932 2756 commoveri:

148 2812 270 2871 quarum
299 2794 461 2853 consolatio
487 2804 517 2853 et
543 2794 634 2872 major
660 2805 714 2868 eet,
741 2792 828 2853 evin
856 2794 933 2853 aliud

147 2899 262 2968 tempus
274 2890 440 2951 differenda
480 2890 571 2949 Nunc
586 2901 681 2949 autem
699 2890 770 2949 mihi
784 2890 876 2948 visum
890 2901 933 2950 eet
946 2895 978 2946 15

147 2986 185 3050 de
209 2987 366 3046 Senectute
390 2988 497 3066 aliquid
523 2987 558 3046 ad
581 2997 610 3046 tc
630 2986 823 3048 conscribere.
865 2987 933 3049 Hoc
1016 3031 1019 3036 -
