2186 3532
135 262 172 337 'm
423 287 511 335 caro
530 285 646 345 umor,
665 284 729 333 sao

176 435 263 496 etiam
284 436 314 495 in
334 437 445 494 summi
464 437 558 513 copia,
578 455 636 494 nun
657 433 759 513 gravis.
801 431 960 512 Aptissimt

176 534 295 592 omnino
317 544 394 607 sunt,
416 534 517 609 Scipio
537 543 566 591 et
588 533 670 604 Laeli,
693 550 771 589 arma
790 530 959 604 senectutis,

176 640 251 688 artes
271 630 546 705 exercitationesque
567 629 714 700 virtutum,
743 647 806 703 quae
827 626 857 685 in
878 627 959 686 omui

176 737 259 785 etate
279 728 374 799 cultae,
395 745 462 784 cum
482 725 605 784 multum
625 725 732 801 diuque
747 723 861 797 vixeris,
882 723 960 783 miri·

145 824 246 882 oficos
257 824 379 881 efferunt
393 823 519 894 fructus3
541 841 600 880 nun
621 821 715 879 solum
725 821 797 897 'quia
809 840 959 897 uunquam

175 921 319 992 deserunt,
333 940 371 978 ne
391 920 421 977 in
441 930 570 977 extremo
583 917 701 995 quidem
713 927 842 994 tempore
856 916 957 989 etatis,

175 1016 362 1095 (quamquam
376 1016 406 1074 id
420 1016 576 1074 maximum
593 1016 661 1096 est,)
676 1014 875 1074 verumetiam
890 1014 959 1090 quia

174 1113 354 1172 couscientia
371 1114 445 1171 bene
466 1122 537 1170 actae
551 1112 626 1184 vite,
640 1111 852 1188 multorumque
872 1111 958 1170 bene·

175 1209 316 1270 sactorum
329 1209 502 1282 recordatio,
520 1209 731 1286 jucundissima
743 1218 794 1268 eet.

130 1424 161 1474 1⁰
213 1402 265 1461 IV.
307 1401 372 1480 Ego
384 1401 424 1466 Q.
440 1401 611 1473 Maximum,
627 1400 709 1479 (eum
722 1401 771 1477 qui
795 1399 958 1460 Tarentum

174 1500 317 1581 recepit)v
332 1499 500 1558 adolescens
520 1499 561 1557 ita
584 1497 670 1556 dilexi
684 1515 791 1570 senem,
813 1505 845 1554 ut
864 1516 959 1573 acqua·

154 1596 247 1656 'lem:
277 1607 337 1655 erat
364 1596 442 1655 enim
469 1580 499 1654 in
525 1595 576 1654 illo
602 1595 664 1653 viro
684 1594 820 1652 comitate
839 1593 959 1652 condita
1030 1643 1033 1650 .

174 1694 316 1772 gravitas;
337 1712 392 1751 nec
406 1703 540 1751 senectus
557 1710 652 1750 mores
665 1699 837 1761 mutaverat,
860 1709 958 1767 quum-

174 1806 260 1866 quam
274 1808 340 1846 eum
361 1790 456 1848 colere
480 1789 554 1865 copi
573 1808 631 1846 uon
652 1786 804 1846 admodum
817 1787 956 1864 grandem

129 1893 159 1942 15
173 1895 254 1957 natu,
278 1885 330 1949 aad
352 1895 448 1943 tamen
473 1885 533 1962 jam
560 1895 643 1944 etate
666 1892 849 1960 provectum
879 1902 957 1942 anno

172 1981 250 2041 enirn
276 1991 342 2058 post
374 1981 474 2040 consul
508 1982 632 2059 primum
658 1980 760 2051 fuerat,
788 1998 874 2055 quam
900 1999 958 2059 ego

173 2089 258 2137 natus
271 2097 351 2149 aum;
367 2097 490 2155 cumque
501 2099 544 2151 eo,
556 2088 689 2154 quartum
703 2077 831 2149 consule,
848 2076 959 2136 adoles·

173 2175 306 2234 centulus
320 2174 402 2233 miles
419 2176 566 2252 prolectas
579 2193 643 2232 sum
663 2173 699 2231 ad
720 2172 860 2249 Capuam,
873 2173 957 2248 quin·
1056 2188 1086 2227 .;

172 2283 260 2349 toque
282 2292 358 2330 auno
376 2283 442 2349 post
463 2273 498 2330 ad
511 2272 673 2329 Tarentum
687 2279 811 2346 quaestor
821 2290 829 2340 ;
850 2271 957 2331 deinde

122 2373 159 2424 ἢ)
172 2370 274 2442 aditis,
311 2369 500 2445 quadriennio
527 2378 593 2446 post
620 2367 713 2426 factus
740 2385 803 2423 sum
833 2377 955 2441 praet0r3

172 2486 259 2543 quem
282 2466 480 2544 magistratum
503 2466 590 2544 gessi,
615 2462 782 2522 consulibua
804 2461 957 2522 Tuditano

172 2574 201 2622 ct
223 2563 366 2642 Cethego,
388 2583 456 2623 cum
472 2563 588 2640 quidem
613 2560 661 2619 ille
683 2558 837 2616 admodum
857 2578 955 2633 senex,

172 2680 272 2719 suasor
290 2659 364 2740 legis
377 2660 488 2719 Cinciae
502 2659 538 2717 de
557 2658 641 2715 donis
662 2664 691 2712 et
711 2653 879 2713 muneribus
893 2657 954 2717 suit.

174 2757 234 2816 llrc
251 2768 281 2817 et
302 2757 377 2816 bella
397 2757 523 2834 gerebat,
542 2764 574 2811 ut
593 2751 769 2823 adolescens,
784 2770 850 2809 cum
870 2753 956 2828 plane

123 2871 160 2927 ,su
173 2856 291 2932 grandis
304 2863 395 2923 esset;
410 2862 439 2911 et
449 2849 643 2909 Hannibalern
654 2846 818 2925 juveniliter
829 2849 957 2908 exultan-

173 2960 233 3009 tem
254 2949 393 3027 patientiis
413 2948 465 3008 sud
485 2945 648 3006 molliebat:
677 2944 713 3004 de
735 2965 792 3024 quo
819 2946 958 3024 preclare

175 3045 324 3107 familiaris
345 3057 441 3107 noster
462 3044 591 3105 Ennius:
960 3041 963 3053 '
