2186 3532
234 338 241 349 „
284 273 423 335 mame,
438 275 512 323 arva
531 276 575 323 m:
590 275 747 325 iamim.
911 261 952 323 tt

117 416 232 481 Leuni
251 431 280 479 et
298 421 421 499 Rupiiio
434 424 602 483 consulibua
615 424 645 483 in
659 424 792 497 coneilio,
806 423 906 500 deprer

119 526 217 575 catum
229 518 364 591 venisset,
375 519 459 593 hanc,
470 530 502 579 ut
515 521 571 578 sibi
585 521 775 599 ignoscerem,
787 538 905 581 canaam

116 614 267 688 afferebat,
282 616 358 691 quod
378 617 450 677 tanti
471 617 520 676 Ti.
536 617 702 676 Gracchum
723 618 848 691 fecisset,
862 628 903 689 ut,

119 710 259 786 quidquid
293 712 342 771 ille
374 712 469 786 vellet,
503 714 558 772 aibi
592 714 755 773 iaciendum
781 724 903 790 putaret.

118 805 199 864 Tum
217 826 282 885 ago,
303 816 322 843 “
334 808 479 882 Etiamne,
497 810 522 868 ei
540 820 570 868 te
588 810 618 868 in
635 810 813 887 Capitolium
827 810 936 869 iocoso

118 902 195 960 serre
208 905 335 964 veliett''
378 906 593 983 “Nunquam’'
613 907 716 983 inquit,
738 913 756 941 “
769 906 904 965 voluisset

119 998 150 1057 id
173 999 317 1075 quidem.''
359 1009 378 1036 “
390 1004 459 1075 Sed,
483 1004 507 1061 ai
530 1003 710 1062 voluiaaett”
760 1003 905 1062 “Parcis-

118 1098 209 1154 aem.’'
250 1098 373 1172 Videtis,
394 1119 480 1175 quam
504 1100 613 1158 nefarie
636 1120 707 1159 vox:
736 1112 774 1172 et,
796 1099 903 1172 hercle,

118 1193 161 1252 ita
181 1193 260 1266 iecit,
278 1193 322 1255 vel
342 1193 407 1271 plns
427 1195 513 1253 etiam
534 1215 619 1272 quam
640 1196 729 1254 dixit:
750 1195 904 1254 nonenim

116 1290 214 1366 paruit
233 1289 282 1349 ille
301 1289 350 1348 Ti.
371 1290 499 1348 Gracchi
518 1291 683 1363 temeritati,
702 1292 752 1350 aed
772 1292 950 1368 prefuit31t)

117 1404 175 1444 nec
195 1404 226 1444 ae
246 1385 382 1445 comitem
403 1386 480 1447 illiue
501 1386 614 1458 t'uroria,
633 1387 683 1446 aed
705 1387 819 1459 ducem,
833 1407 904 1464 prae·

118 1482 190 1540 buit.
244 1480 355 1557 Itaque,
382 1481 438 1539 hac
471 1482 607 1554 ementid,
635 1481 795 1557 questione
828 1482 904 1541 novt

116 1578 295 1655 perterritus,
309 1578 340 1637 in
354 1579 455 1636 Asiam
467 1577 611 1654 profugit3
634 1577 670 1636 ad
684 1578 779 1636 hoatea
792 1596 823 1635 se
837 1597 905 1639 con·

118 1674 200 1747 tulit;
220 1693 320 1751 poenaa
340 1674 505 1752 reipublicae
519 1693 620 1752 graves
637 1674 785 1751 justaeque
797 1674 904 1752 percol·
969 1658 984 1701 Χ

20 1782 29 1797 “
118 1771 167 1830 vit.
207 1771 299 1830 Nulla
315 1781 359 1830 est
375 1771 462 1850 igitur
476 1771 624 1831 excusatio
637 1771 762 1847 peccati,
776 1771 800 1829 ai
816 1770 902 1831 amici
919 1780 950 1850 lp

118 1868 207 1926 canat
227 1868 401 1945 peccaveris.
442 1866 530 1940 Nam,
545 1886 612 1926 cum
633 1867 815 1926 conciliatrix
835 1868 904 1927 arni·

114 1964 194 2023 citiae
209 1964 322 2022 virtutis
335 1964 433 2042 opinio
448 1964 543 2037 fuerit,
557 1963 676 2023 difficile
689 1973 733 2022 eat
747 1965 903 2024 amicitiam

117 2080 245 2134 manere,
260 2061 285 2119 si
299 2061 432 2119 uirtute
446 2061 595 2119 defeceris.

156 2156 292 2219 Quodsi
313 2166 423 2216 rectum
447 2138 641 2229 statuerimus,
668 2157 712 2215 vel
741 2157 903 2215 concedere

117 2253 220 2312 amicis
234 2253 372 2330 quidquid
387 2252 484 2325 velint,
497 2254 539 2311 rel
555 2254 707 2329 impetrare
723 2254 758 2311 ab
773 2253 808 2311 iis
822 2253 903 2328 quid·
917 2260 949 2312 2⁰

116 2350 187 2426 quid
208 2350 337 2422 velimus,
357 2350 486 2426 persectd
506 2350 622 2425 quidem
643 2350 783 2427 sapientiai
802 2349 901 2422 simne,

116 2446 143 2503 ai
166 2445 238 2504 nihil
263 2446 366 2505 habeat
389 2465 436 2503 rea
459 2446 540 2504 vitii:
564 2445 616 2505 aed
639 2446 783 2521 loquimur
807 2445 843 2503 de
866 2445 903 2504 iia

117 2542 219 2600 amicis
239 2542 289 2618 qui
311 2553 376 2601 ente
396 2542 498 2601 oculos
517 2551 594 2614 aunt,
608 2561 681 2618 quos
699 2542 838 2614 videmus,
854 2551 903 2600 aut

116 2638 154 2696 de
173 2638 277 2714 quibua
290 2637 457 2696 memoriam
473 2637 648 2714 accepimus,
664 2648 713 2695 aut
731 2655 803 2714 quoa
822 2638 903 2696 norit

116 2724 175 2791 vita
195 2732 365 2792 communis.
406 2732 452 2791 Ex
470 2733 527 2791 hoc
540 2751 661 2791 numero
674 2732 759 2790 nobie
772 2733 903 2809 exempla
917 2741 949 2793 2⁵

81 2820 258 2889 ssumenda
271 2840 346 2903 sunt,
361 2840 390 2889 et
403 2849 504 2888 eorum
517 2830 633 2906 quidem
648 2830 781 2902 maxime,
795 2831 845 2906 qui
866 2831 902 2888 ad

114 2927 287 3004 sapientiam
300 2928 429 3003 proxime
444 2927 594 2986 accedunt.

99 3023 298 3083 Videmus
311 3023 422 3101 Papum
436 3024 586 3083 AEmilium
600 3023 635 3082 Ο.
650 3023 780 3083 Luscino
800 3023 903 3085 famili·
