2178 3526
283 276 435 338 ,amarus
453 277 528 325 srva
547 277 591 325 nn
610 277 768 326 amoma.
926 266 967 329 w

125 423 190 485 ,Eat
215 423 293 483 enim
316 424 393 483 boni·
408 426 461 485 viri
486 425 587 503 (quern
614 394 739 486 eu'riiiem
762 425 920 502 sapientem

127 520 205 580 licet
226 521 337 602 dicere)
360 522 422 580 baec
443 522 500 583 duo
523 533 622 583 tenera
644 523 674 582 in
696 523 845 582 amicitie:
863 522 920 599 pri·

134 636 225 691 mum,
238 619 344 694 nequid
358 619 456 678 fictum
471 619 518 693 sit,
532 638 604 678 nave
624 620 788 678 simulatum
809 618 920 697 (aperte

134 713 213 772 enim
233 714 276 772 vel
297 714 402 788 odisse,
416 715 508 794 magis
521 715 640 793 ingenui
660 725 713 787 est,
727 735 811 793 quarn
827 716 921 774 fronte

134 810 281 871 occultare
295 810 498 892 sententiam);
519 811 634 885 deinde,
645 831 704 870 non
717 811 811 869 solum
825 812 861 870 ab
869 812 921 870 ali·
934 821 951 871 6

133 924 192 982 quo
207 907 306 965 allatas
326 907 541 966 criminationes
554 908 701 985 repellere,
716 907 767 965 sed
777 926 815 966 ne
828 908 920 984 ipsum

134 1003 249 1080 quidem
270 1023 332 1062 esse
352 1004 553 1081 suspiciosum,
567 1023 679 1081 semper
699 1004 806 1082 aliquid
826 1005 922 1063 existi·

134 1111 260 1185 mantem
275 1101 311 1158 ab
322 1101 494 1183 pmicoesse
509 1101 652 1195 violatum.
895 1136 909 1175 s
951 1164 956 1173 4

133 1167 307 1255 “‘itucifl‘at
317 1178 391 1257 ‘iiii'
396 1175 695 1274 ¹siraiii'as‘iporeiam,
718 1206 841 1275 oportet,
846 1173 922 1270 siais
956 1192 970 1217 Γ
1000 1186 1022 1199 ”

134 1312 250 1352 monum
275 1305 358 1370 atque
385 1313 506 1365 morum,
530 1295 749 1371 haudquiquam
775 1296 966 1363 mediocrem

131 1390 351 1451 ,condimentum
372 1391 514 1449 amicitie.
555 1390 689 1463 Tristitia
716 1402 821 1469 autem,
841 1392 921 1450 etin

134 1486 214 1545 omni
238 1506 268 1544 re
291 1487 436 1560 severitas,
447 1486 536 1545 habet
546 1486 597 1545 illa
609 1473 920 1563 (suidem‘gr'aiitatemz

134 1583 185 1641 sed
201 1583 327 1643 amicitia
347 1584 490 1642 remissior
508 1601 572 1640 esse
593 1582 688 1655 debet,
701 1593 732 1640 et
751 1582 878 1656 liberior,
892 1593 922 1641 et

135 1678 258 1752 dulcior,
276 1681 351 1738 etad
371 1698 486 1738 omnem
509 1679 673 1739 comitatem
696 1679 921 1756 facilitatemque

134 1775 296 1854 proclivior.
316 1801 380 1868 Aps
935 1782 966 1843 15

136 1956 140 1961 ⁴
174 1968 260 2028 XIX.
285 1969 920 2047 Exsistitautemhoclocoquaedamquaestio

134 2066 331 2125 subdifficilis:
352 2085 420 2124 num
434 2067 550 2143 quando
567 2065 653 2126 amici
668 2065 746 2138 novi,
757 2066 839 2143 digni
852 2065 921 2124 ami·

135 2162 215 2235 ciria,
230 2162 373 2221 veteribus
385 2163 443 2221 sint
457 2162 660 2239 anteponendi,
674 2173 707 2220 ut
725 2162 807 2238 equis
820 2162 921 2220 vetulis

134 2269 250 2318 teneros
280 2269 452 2337 anteponere
476 2260 621 2319 solemusl
659 2259 783 2337 Indigna
806 2258 921 2316 bomine

135 2355 294 2414 dubitatio:
321 2356 478 2414 nonenim
506 2355 695 2413 amicitiarum
718 2372 782 2413 esse
805 2353 920 2426 debent,
935 2366 967 2418 2⁰

135 2453 211 2511 sicut
225 2453 344 2511 aliarum
357 2472 462 2525 rerum,
476 2452 631 2512 satietates.
672 2452 834 2511 veterrima
847 2470 923 2526 qure-

135 2566 192 2625 que
214 2548 260 2627 (ut
288 2568 324 2609 ea
345 2549 422 2622 vina,
443 2569 506 2626 que
530 2558 698 2609 vetustatem
727 2549 834 2626 serunt)
859 2566 922 2606 osae

135 2644 242 2704 debent
270 2646 453 2705 suavissima:
483 2663 638 2722 rerumque
670 2644 741 2704 illud
767 2655 820 2717 est,
847 2643 923 2720 quod

137 2740 256 2814 dicitur,
269 2742 376 2801 multos
393 2741 505 2801 modios
525 2742 592 2800 salis
609 2741 694 2800 simul
708 2741 834 2799 edendos
847 2759 921 2815 esse,

136 2847 170 2896 ut
184 2838 319 2897 amicitie
340 2858 445 2897 munus
460 2838 604 2916 expletum
624 2838 669 2896 sit.
710 2836 860 2896 Novitates
875 2857 922 2896 au·
935 2847 968 2898 ὦ

136 2944 206 3006 tem,
220 2933 245 2991 ai
261 2954 340 3011 spem
357 2934 488 3007 afferunt,
502 2944 544 3007 ut,
554 2944 689 3010 tanquam
704 2932 734 2991 in
753 2932 849 2991 herbis
862 2953 922 2995 non

137 3029 298 3109 fallacibus,
310 3031 419 3090 fructus
434 3040 577 3108 appareat,
587 3049 646 3089 non
660 3039 726 3088 sunt
740 3029 796 3089 illa
805 3029 922 3107 quidem

370 3124 415 3185 go
