2178 3526
260 267 398 345 amatos,
419 270 493 318 sum:
512 269 557 317 m
579 269 734 319 amoma
879 257 936 320 ιω

100 414 267 493 pruinosa
285 418 334 492 ait,
348 437 456 478 uooere
474 428 571 478 tamen
586 418 696 478 nemini
716 426 820 496 potest,
833 416 890 477 nisi

100 513 131 571 ei
144 512 271 590 quiem
291 515 405 592 recipit,
420 525 505 594 atque
523 517 559 575 et
577 515 745 575 delectatur.
786 514 833 575 Ite
846 514 888 589 fit,

100 619 135 668 nt
152 610 179 671 is
197 613 423 670 ostentatosibus
439 613 600 690 ,patefaeist
621 631 704 672 aures
723 632 791 671 sues
813 632 892 674 max·

101 706 170 781 ime,
183 708 236 784 qui
258 708 320 785 ipso
342 708 398 768 sibi
416 720 586 783 assentetur,
596 720 630 770 et
647 729 678 769 se
691 710 816 770 maxime
829 711 890 788 ipse

100 804 236 865 delectet,
399 848 400 851 ,
902 812 920 863 ὅ

141 900 271 961 Omnino
285 914 329 961 est
340 923 439 962 nuens
452 903 496 963 sui
509 905 615 964 virtum:
634 904 744 982 optime
761 904 839 963 enim
858 922 890 963 se

101 999 166 1075 ipsa
177 1001 272 1072 novit3
293 1020 435 1078 quamque
446 1002 577 1060 amabilis
590 1003 637 1076 sit,
652 1002 794 1080 intelligit
825 1001 891 1080 Ego

101 1106 199 1153 autem
211 1115 271 1154 non
284 1097 321 1154 de
335 1098 440 1156 virtute
450 1118 529 1157 nuno
540 1098 651 1176 {equor,
662 1099 713 1181 sed
727 1099 764 1158 de
778 1099 890 1158 virtutis

100 1191 253 1268 opinione:
275 1194 378 1252 virtute
398 1195 475 1253 enim
497 1195 558 1272 ipse
573 1207 704 1255 nontam
724 1195 807 1254 multi
820 1215 891 1273 pne·

99 1289 154 1347 diti
186 1309 258 1363 esse,
283 1311 367 1367 quam
398 1292 498 1366 videri,
522 1293 627 1351 volunt.
677 1292 739 1351 Hos
766 1293 891 1351 delectet
905 1295 935 1347 lt

100 1386 273 1446 assentatio:
307 1388 355 1447 his
385 1388 470 1446 fictus
498 1389 534 1447 ad
561 1389 686 1465 ipsorum
714 1389 890 1447 voluntatem

97 1501 195 1542 sermo
219 1503 287 1542 oum
310 1485 471 1558 adhibetur,
496 1486 656 1544 orationem
683 1485 760 1544 illem
788 1504 890 1543 vanam

97 1579 294 1640 testimoninm
309 1602 374 1641 esse
386 1583 502 1640 landum
516 1601 632 1640 suerum
645 1592 756 1658 putant.
798 1581 828 1639 N
831 1581 890 1640 ulla

2 1732 3 1749 ἶ
96 1687 144 1736 est
159 1677 246 1756 igitur
260 1679 324 1737 heo
346 1678 482 1751 amicitie,
498 1698 565 1737 oum
585 1679 655 1737 alter
676 1696 775 1736 verum
790 1678 889 1737 audire

98 1793 161 1834 non
174 1776 243 1848 vult,
259 1776 329 1835 alter
344 1776 380 1835 sd
393 1777 588 1835 mentiendum
601 1785 717 1853 paratus
730 1786 782 1836 eet
823 1776 888 1836 Neo
903 1782 934 1832 15

96 1873 290 1951 parasitorum
311 1873 341 1932 iu
361 1874 511 1932 oomoediis
526 1874 681 1933 assentatio
694 1873 779 1932 nobis
793 1874 888 1934 faceta

98 1968 254 2043 videretur,
267 1970 328 2029 nisi»
337 1981 433 2029 essent
443 1970 553 2030 Milites
565 1971 703 2029 Gloriosi.

194 2105 211 2148 ‘²
224 2116 332 2182 Magnas
342 2134 402 2168 veto
412 2132 486 2183 egere
497 2119 590 2184 gratias
601 2118 680 2169 Thets
691 2120 753 2168 mihi
762 2121 794 2168 ?”

99 2250 180 2310 Satis
192 2263 254 2311 erat
266 2253 450 2331 respondere,
471 2260 490 2287 “
500 2253 667 2332 Magnas:’'
690 2253 886 2333 “Ingenua”

98 2348 202 2426 inquit
253 2351 373 2428 Semper
395 2360 481 2429 auget
502 2362 661 2411 assentator
685 2351 724 2424 id,
749 2351 825 2427 quod
852 2350 886 2423 is,
900 2361 933 2413 2⁰
1036 2382 1039 2389 ⁴

98 2446 184 2524 eujus
199 2447 234 2506 ad
255 2448 430 2507 voluntatem
451 2447 567 2520 dieitur,
585 2448 645 2507 vult
664 2468 728 2507 esse
742 2466 886 2526 magnum

97 2542 310 2617 Quamobrem,
332 2544 461 2620 quamtis
481 2544 588 2604 blanda
608 2545 664 2605 ista
684 2546 794 2607 vanitas
813 2545 887 2620 apud

98 2658 152 2698 eos
172 2641 273 2714 valeat,
294 2641 343 2718 qui
365 2640 419 2718 ipsi
438 2641 518 2701 illam
546 2642 680 2703 allectant
700 2654 729 2701 et
749 2642 870 2700 invitant
879 2663 892 2714 ςἸ

98 2746 197 2797 tamen
219 2738 307 2797 etiem
327 2737 472 2816 graviores
499 2741 764 2816 constantioresque
792 2738 888 2797 admo·

99 2835 189 2895 nendi
216 2844 292 2908 suut,
316 2845 348 2894 ut
378 2836 506 2895 animum
534 2837 690 2910 advertent,
718 2856 755 2895 ne
782 2835 886 2894 callide
899 2839 931 2889 25

99 2932 295 2992 assentatione
309 2933 467 3010 capiantur.
509 2934 619 3011 Aperte
634 2935 712 2993 enim
723 2933 885 2993 adulantem

99 3047 188 3089 nemo
201 3049 261 3091 non
283 3030 370 3103 videt,
381 3031 440 3089 nisi
464 3030 513 3108 qui
536 3032 689 3092 admodum
710 3041 754 3090 est
774 3049 884 3091 exosus
