2186 3532
383 276 427 325 nr:
442 244 644 327 muncrum

118 432 215 486 ntutts
232 426 388 506 peregisse,
409 446 475 501 nec,
495 438 630 505 tanquam
651 426 831 488 inexercitati
850 426 907 486 his·
1005 414 1010 421 ¹

117 522 240 597 triones,
255 523 285 581 in
298 533 427 583 extremo
440 534 507 588 actu
518 525 671 584 corruisse.

161 619 203 680 At
216 629 284 679 sunt
297 621 414 694 morosi,
428 632 457 680 et
478 622 565 695 anxii,
579 633 609 680 et
629 622 770 695 iracundi,
785 631 814 681 et
833 621 906 680 diffi-

120 713 194 781 ciles
207 733 307 787 sones3
329 716 353 774 si
366 717 528 792 querimus,
543 718 630 776 etiam
644 717 729 777 arari.
770 718 829 776 Sed
843 718 906 776 haec

121 829 236 870 morum
249 811 406 886 vitiarunt,
420 831 479 871 non
490 813 655 872 senectutis.
697 813 744 872 Ac
755 814 905 875 morositas
919 821 936 871 5

121 916 230 980 tamen,
245 917 274 967 et
287 928 323 967 ea
335 909 405 968 vitia
417 929 480 986 quae
494 910 563 982 dixi,
578 910 685 968 habent
700 910 806 986 aliquid
820 930 906 969 excu-

120 1001 252 1077 sationis,
265 1022 324 1063 non
338 1005 415 1064 illins
429 1005 542 1081 quidem
554 1006 649 1083 justa,
663 1005 715 1065 sed
728 1025 791 1082 quas
801 1006 904 1082 proba·

119 1099 147 1160 ri
159 1119 244 1178 posse
257 1100 394 1160 videatur.
436 1102 590 1161 Contemni
608 1122 640 1160 se
658 1112 770 1180 putant,
785 1103 904 1179 despici,

119 1195 212 1257 iiiudi.
253 1195 397 1256 Preterea
410 1198 440 1256 in
454 1197 548 1276 fragili
563 1217 683 1275 corpore
696 1198 799 1258 odiosa
811 1199 905 1259 omnis

120 1293 241 1355 offensio
254 1304 316 1353 est:
337 1314 400 1371 quar
414 1305 510 1353 tamen
524 1295 622 1353 omnia
644 1295 776 1353 dulciora
789 1295 862 1353 fiunt
875 1305 905 1354 et
920 1300 951 1351 lt

120 1391 249 1450 moribus
269 1391 363 1462 bonis,
386 1400 417 1449 et
438 1391 563 1449 artibus:
585 1391 681 1466 idque,
702 1401 764 1449 tum
785 1391 815 1449 in
836 1391 904 1464 vitri,

120 1496 182 1547 turn
196 1487 227 1545 in
240 1482 339 1558 scenis,
353 1485 475 1564 intelligi
488 1495 583 1563 potest
596 1505 632 1544 ex
645 1486 680 1544 iis
694 1486 839 1559 fratribus,
853 1488 903 1562 qui

121 1582 153 1642 in
167 1589 186 1617 “
196 1583 337 1659 Adelphis
345 1584 362 1610 ''
378 1592 453 1640 sunt.
492 1582 616 1644 Quanta
629 1582 659 1640 in
680 1582 771 1640 altero
785 1581 905 1655 duritas,

120 1678 153 1739 in
165 1679 255 1737 altero
269 1679 409 1738 comitas!
449 1678 501 1737 Sic
515 1698 546 1736 se
567 1697 613 1736 res
633 1679 729 1736 habet.
769 1678 808 1737 Ut
828 1679 905 1737 enim

120 1794 179 1835 non
193 1793 279 1833 omno
300 1775 408 1848 vinum,
424 1775 538 1833 aionon
559 1775 652 1833 omnis
666 1785 744 1848 aetas,
765 1785 905 1834 vetustate
921 1783 952 1833 15

120 1872 276 1932 coacescit.
318 1871 505 1931 Severitatem
521 1873 550 1931 in
571 1882 719 1931 senectute
739 1873 839 1948 probo,
853 1872 905 1931 sed

121 1987 187 2028 eam
210 1967 300 2048 (sicut
327 1969 396 2049 alia)
425 1969 587 2041 modicam3
610 1969 796 2027 acerbitatem
824 1970 904 2029 nullo

120 2066 216 2124 modo.
258 2066 389 2125 Avaritia
401 2085 469 2124 vero
483 2066 582 2124 senilis
595 2065 664 2142 quid
685 2066 739 2125 sibi
753 2066 830 2140 velit,
844 2086 904 2126 non

120 2162 258 2241 intelligo.
299 2163 399 2222 Potest
410 2162 487 2221 enim
501 2162 656 2239 quidquam
670 2181 733 2220 esse
744 2163 904 2234 absurdius,

119 2279 215 2336 quam,
244 2279 300 2336 quo
327 2259 423 2323 minus
449 2259 503 2317 riae
529 2269 627 2332 restat,
654 2278 690 2317 eo
716 2261 781 2337 plus
807 2259 904 2318 viatici
919 2262 951 2312 2⁰

120 2357 267 2433 quereret

158 2545 244 2606 XIX
283 2547 400 2609 Quarta
408 2556 497 2605 restat
511 2566 609 2619 causa,
627 2567 691 2623 quae
711 2547 835 2606 maxime
856 2565 905 2604 an·

120 2660 191 2721 gere
205 2652 290 2720 atque
303 2643 457 2702 sollicitam
471 2643 578 2702 habere
597 2654 723 2702 neuram
738 2652 851 2701 etatem
865 2641 905 2700 ri·

117 2739 214 2811 detur,
239 2738 475 2816 appropinquatio
495 2739 615 2811 mortis3
637 2759 700 2816 quse
719 2749 798 2798 certe
822 2758 839 2796 a
862 2756 905 2796 so-

117 2843 238 2895 nectute
257 2853 315 2893 non
334 2845 429 2912 potest
448 2834 535 2913 longe
555 2837 663 2897 abesse.
713 2834 742 2894 Ο
769 2834 903 2893 miserum
919 2843 949 2894 25

117 2942 228 3004 senem,
243 2930 301 3006 qui,
315 2941 436 2989 mortem
450 2932 691 2991 contemnendam
704 2950 778 3003 esse,
793 2930 822 2988 io
842 2940 902 2988 tam

116 3027 205 3109 longit
226 3036 309 3087 astate
331 3045 390 3085 non
411 3027 533 3087 viderit!
555 3047 618 3104 quae
643 3036 692 3087 aut
713 3028 799 3105 plane
813 3025 904 3106 negli-
