2178 3526
281 262 422 322 umerus,
442 258 516 309 srvn
538 262 582 309 ns
597 261 753 309 umerum.
915 242 975 313 8ιῖ

127 411 231 470 virtute
254 412 384 489 praedito,
406 431 452 486 ec,
473 411 521 490 qui
542 412 585 471 vel
610 431 715 486 amare,
737 412 781 471 rel
806 411 852 490 (ut
871 411 911 471 itu

117 509 237 589 ⁸dicam)
252 509 400 568 redamare
422 510 521 586 possit,
542 528 601 568 non
622 510 774 569 admodum
789 509 912 569 delecta-

125 606 172 664 til
211 605 293 664 Nihil
305 616 349 664 est
361 607 439 664 enim
451 607 682 666 remuneratione
692 607 908 680 benevolentias,

124 698 198 761 nihil
219 702 417 762 vicissitudine
438 703 597 763 studiorum
623 702 848 778 officiorumque,
866 703 910 780 ju-

5 854 14 869 ,
118 799 258 863 cundius.
274 780 320 865 ><
356 873 361 889 .
924 816 941 868 δ

164 895 294 958 Quodsi
308 896 395 954 etiam
409 896 479 954 illud
495 896 635 970 addimus,
656 896 733 972 quod
747 906 825 955 recte
840 895 907 963 addi

115 1002 229 1069 west,
244 992 316 1050 nihil
330 1011 404 1063 esse,
414 993 491 1068 quod
506 993 542 1051 ad
552 1012 584 1051 se
598 1012 659 1051 rem
674 993 761 1051 ullam
775 1003 833 1051 tam
848 992 908 1050 ulli·

124 1088 185 1149 ciat
198 1098 228 1146 et
241 1098 298 1147 tarn
315 1084 447 1160 attrahat,
462 1080 546 1165 quam
557 1090 593 1147 ad
607 1088 762 1148 amicitiam
777 1088 908 1149 similitu·

124 1183 181 1254 dc;
203 1185 376 1243 concedetur
396 1185 535 1262 prosecta,
557 1205 654 1245 verum
668 1205 741 1258 esse,
763 1196 795 1244 ut
816 1187 908 1244 bonus

123 1280 194 1339 boni
208 1280 339 1358 diligant,
362 1281 581 1357 admiscentque
602 1282 668 1355 sibi,
690 1282 770 1359 quasi
793 1283 908 1360 propin·
925 1301 955 1350 10

114 1376 234 1452 unitate
247 1378 419 1455 conjunctos
429 1388 514 1453 atque
527 1378 639 1436 naturai.
678 1378 759 1436 Nihil
775 1389 818 1437 est
828 1378 906 1437 enim

123 1473 305 1550 appetentius
324 1475 460 1533 similium
487 1474 542 1546 sui,
566 1473 638 1531 nihil
658 1474 800 1550 rapacius,
821 1494 907 1550 quam

121 1578 236 1629 natura.
288 1568 486 1631 Quamobrem
521 1569 577 1626 hoc
606 1568 732 1645 quidem,
756 1568 851 1626 Fauni
877 1579 907 1626 et

122 1665 264 1738 Scaevola,
279 1676 401 1737 constat,
418 1664 463 1742 (ut
476 1665 592 1745 opinor)
617 1664 701 1724 bunis
721 1664 795 1723 inter
815 1666 907 1723 bones

121 1760 206 1837 qussi
229 1761 421 1820 necessariam
447 1761 673 1821 benevolentiam
685 1779 750 1819 esse
761 1781 770 1832 ;
791 1760 840 1837 qui
864 1769 955 1819 est15

123 1857 259 1916 amicitie
273 1858 338 1916 fons
352 1857 485 1923 curaturi
505 1858 686 1916 constitutus.
728 1857 787 1916 Sed
806 1857 906 1916 eadem

116 1953 240 2022 ¹bonitus
259 1954 346 2013 etium
370 1955 407 2013 ad
428 1953 641 2013 multitudinem
664 1953 796 2030 pertinet.
837 1953 907 2013 Non

121 2059 168 2109 est
180 2049 258 2108 anim
272 2050 430 2109 inhumana
443 2050 541 2123 virtus,
555 2069 648 2127 nsque
658 2050 800 2123 immanis,
813 2070 908 2128 neque

120 2148 265 2223 superba3
295 2166 359 2222 qun
384 2146 472 2205 etiam
498 2147 619 2224 populos
645 2146 794 2205 universos
821 2147 906 2219 tueri,

122 2242 224 2318 eisque
238 2243 346 2320 optime
360 2243 522 2315 consulere,
537 2244 647 2302 soleat:
667 2244 743 2319 qued
757 2262 816 2301 non
831 2242 908 2300 sace·
922 2249 955 2298 2⁰

124 2349 170 2397 ret
181 2340 324 2416 prolecto,
335 2339 360 2397 si
375 2339 521 2397 ecaritate
535 2339 612 2417 vulgi
628 2340 801 2398 abhorreret.

165 2436 263 2510 Atque
276 2435 363 2493 etiam
377 2435 448 2493 mihi
463 2435 578 2510 quidem
592 2436 734 2508 videntur,
746 2435 795 2511 qui
805 2434 910 2494 utilita-

125 2530 164 2589 tis
174 2533 262 2591 causi
273 2532 385 2608 lingunt
395 2531 546 2604 amicitias,
558 2532 791 2591 amabilissimum
802 2531 910 2590 nodum

127 2627 261 2686 amicitie
275 2627 385 2686 tollere.
426 2627 497 2685 Non
518 2628 596 2686 enim
618 2640 676 2686 tam
700 2628 808 2687 utilitas
830 2637 911 2703 parta

125 2741 177 2800 per
193 2723 327 2795 amicum,
348 2743 435 2800 quam
459 2724 545 2782 amici
568 2743 647 2783 amor
671 2724 742 2802 ipsc,
767 2723 910 2782 delectat:
927 2733 959 2783 tu

127 2830 246 2896 tumque
259 2819 331 2877 illud
345 2820 386 2893 m,
402 2819 480 2895 quud
500 2822 537 2879 ab
558 2820 652 2880 amico
675 2831 719 2879 est
738 2820 912 2897 profectum,

124 2916 298 2994 jucundum,
325 2916 350 2973 si
373 2935 440 2974 cum
467 2917 562 2975 studio
585 2926 630 2975 est
651 2916 832 2994 profectum:
853 2927 915 2976 tan·

121 3021 247 3088 ‚uimque
272 3012 362 3086 abest,
385 3022 417 3070 ut
438 3010 573 3073 amicitie
594 3022 710 3092 prepter
724 3013 915 3094 indigentium
