2186 3532
125 248 171 314 'ld
421 264 511 311 caro
528 262 644 325 61166,
663 264 727 313 666

176 409 266 484 ennii,
287 430 354 470 aum
374 412 581 488 rempublicam
601 412 723 473 66661116
743 421 773 471 61
793 411 963 477 essentne

177 506 379 580 defendebant,
393 507 465 566 nihil
480 509 623 587 agebant?

216 603 265 665 Ad
279 603 354 681 App.
369 603 486 663 Claudii
498 614 679 665 6666616166
693 605 851 665 accedebat
862 604 962 680 etiam,

177 710 210 761 ut
236 719 332 759 66666
358 710 450 761 esset:
481 711 511 760 61
536 711 633 761 temen
661 701 697 777 16,
724 721 791 763 eum
819 701 964 763 sententie

144 808 162 858 5
178 797 293 856 6666116
306 796 459 857 inclinaret
473 798 508 857 ad
522 817 634 876 paoem,
648 809 678 857 et
691 797 783 861 fndus
797 797 963 859 laciendum

107 963 109 967 .
177 913 245 953 eum
259 894 379 972 Pyrrho,
393 913 452 955 nou
466 892 607 953 dubitavit
620 894 718 957 disere
731 895 791 972 1116,
799 894 964 972 quaretu-

177 992 232 1051 bue
244 1001 415 1070 persecutus
424 1000 471 1049 eet
484 989 615 1055 Ennius:

238 1151 254 1178 “
265 1146 324 1205 Quo
334 1146 404 1195 vobis
415 1151 520 1210 mentes,
530 1153 605 1196 rectu
616 1163 672 1212 quaa
683 1153 747 1197 stare
758 1148 870 1197 solebant

264 1226 389 1288 Antehac,
399 1226 527 1277 dementes
538 1243 592 1278 sere
603 1227 696 1279 flexere
708 1229 790 1294 [ria]?
800 1227 815 1251 ’'

132 1373 163 1422 10
178 1382 339 1448 ceteraque
353 1370 537 1451 gravissime:
552 1382 654 1431 notum
664 1370 742 1430 enim
752 1371 834 1431 robis
844 1390 962 1431 carmen

177 1480 238 1529 est:
259 1478 288 1528 61
308 1479 404 1575 tamen
424 1468 515 1545 ipsius
535 1468 625 1546 Appii
645 1477 723 1528 extat
742 1468 852 1527 oratio·
876 1475 963 1544 utque

177 1566 253 1627 hano
273 1566 328 1625 ille
310 1530 419 1645 ¹egi'l
419 1533 531 1643 ’6661616
551 1575 580 1624 61
594 1566 694 1624 desem
709 1582 799 1624 66666
816 1572 881 1641 post
895 1563 964 1625 6116-

178 1681 242 1721 rum
268 1663 460 1736 uonsrrletum,
488 1681 555 1720 cum
583 1661 658 1720 inter
689 1661 762 1720 duos
795 1660 963 1723 consulatue

179 1758 247 1816 enni
261 1757 362 1816 deeem
383 1756 615 1830 interfluxisseut,
630 1775 789 1833 censorque
810 1766 875 1813 ante
894 1774 964 1817 eun·

132 1857 163 1908 15
177 1855 302 1913 sulatum
316 1853 491 1931 superiorem
506 1853 614 1913 suisset.
655 1852 768 1929 Exque
782 1849 963 1930 intelligitur,

178 1949 282 2027 Pyrrhi
296 1950 372 2009 bello
386 1948 524 2028 grandem
543 1969 614 2011 6666
633 1949 739 2009 luisse:
759 1957 789 2007 et
808 1957 905 2007 temen
919 1947 964 2010 sie

179 2047 337 2126 apatribus
358 2046 531 2124 accepimus.

217 2142 300 2203 Nihil
315 2144 402 2223 igitur
417 2144 548 2217 afferunt,
562 2142 612 2220 qui
626 2142 657 2201 iu
670 2162 701 2201 re
715 2140 842 2221 gereudd
855 2141 964 2205 verenti

178 2252 356 2301 senectutem
375 2251 499 2319 negante
520 2240 684 2316 similesque
704 2247 770 2296 sunt
784 2237 830 2311 iis,
844 2238 894 2314 qui
911 2259 965 2319 gu-
1063 2262 1066 2268 ·
1087 2214 1088 2229 ¹

131 2337 163 2389 2⁰
178 2339 359 2399 bernatorem
373 2338 403 2396 16
417 2336 579 2416 navigando
594 2354 679 2415 agere
692 2333 764 2392 nihil
775 2333 884 2407 dicant,
895 2354 964 2397 eum

179 2436 228 2495 alii
250 2435 341 2493 malos
362 2434 512 2507 scandant,
535 2433 583 2491 alii
602 2451 654 2510 per
674 2430 752 2489 soros
772 2439 898 2505 cursant,
914 2432 964 2493 alii

178 2531 320 2591 sentinam
334 2530 502 2589 exhauriant
510 2549 518 2601 ;
539 2528 588 2587 ille
602 2537 707 2600 autem,
722 2524 834 2585 clarum
849 2537 963 2605 tenens,

177 2629 277 2687 sedeat
303 2627 333 2686 16
360 2626 448 2704 puppi
468 2624 590 2702 quietus.
631 2622 701 2681 Non
722 2621 874 2699 laniatae,
899 2644 964 2701 qun

182 2725 319 2803 juvenes:
342 2732 451 2781 atvero
465 2720 554 2778 multo
574 2720 683 2797 majora
702 2728 731 2777 et
750 2718 870 2778 meliore
883 2720 962 2781 16611.

130 2825 163 2877 m
178 2820 208 2879 N
210 2840 248 2880 on
262 2816 664 2892 61116666616616611611166,
680 2824 729 2874 661
739 2814 887 2876 eeleritate
900 2835 964 2875 eor·

176 2935 290 2997 porum,
310 2934 357 2975 res
377 2932 488 2992 magnae
508 2922 656 2990 geruntur,
677 2910 728 2969 sed
748 2912 881 2987 66661116,
896 2930 964 2972 666-

178 3013 304 3089 16ῐί1616,
318 3009 477 3083 666166111ς
493 3007 596 3087 quibus
609 3027 668 3068 non
682 3007 769 3068 modo
782 3028 842 3069 666
854 3006 962 3085 orbari,
