2186 3532
133 248 172 312 64
336 264 473 323 umarus,
491 264 565 311 srva
583 265 627 311 nn
646 264 802 312 auroram

177 412 389 488 Quamobrem,
404 435 467 491 quae
481 415 620 491 disputari
640 415 676 474 de
695 416 822 473 amicitia
834 425 965 493 possunt,

180 510 216 569 ab
233 510 285 584 cis,
301 530 417 585 censeo,
431 511 544 588 petatis,
560 513 608 588 qui
628 512 683 570 ista
702 513 888 589 profitentur:
910 532 967 591 ego
1073 494 1075 571 {

179 627 228 667 ros
240 607 346 667 hortari
360 618 470 667 tanturn
481 627 607 684 possum,
620 618 651 666 ut
666 609 821 667 amicitiam
832 610 967 668 omnibus

180 706 266 763 rebus
281 706 413 764 humanis
434 705 631 781 anteponatis:
652 705 725 763 nihil
746 715 790 763 est
809 706 887 763 enirn
907 715 966 765 tam

147 812 165 860 b
179 811 288 860 naturae
310 813 416 878 aptum,
430 812 489 861 tam
508 801 683 859 conveniens
698 802 732 860 ad
746 821 793 859 res
806 802 850 859 vel
864 822 967 860 secun-

179 899 240 971 (las,
254 899 298 957 vel
317 899 456 957 adversas.

219 996 277 1053 Sed
289 996 343 1053 hoc
352 995 476 1070 primum
487 995 589 1066 sentio,
600 994 656 1074 nisi
667 994 697 1052 in
708 994 800 1066 bonis,
810 995 966 1055 amicitiam

178 1111 242 1150 esse
252 1111 311 1149 non
321 1110 419 1167 posse:
440 1110 534 1166 neque
548 1091 577 1148 id
593 1091 628 1149 ad
642 1091 736 1149 vivum
747 1109 857 1164 reseco,
868 1102 901 1150 ut
914 1091 966 1165 illi,

179 1189 229 1265 qui
243 1189 305 1245 haec
319 1188 452 1246 subtilius
466 1189 619 1260 disserunt,
635 1188 754 1246 fortasse
770 1207 844 1260 vere,
859 1188 910 1246 sed
931 1189 967 1246 ad

135 1291 362 1343 recommonens
396 1282 548 1343 utilitatem
581 1304 691 1361 parum.
732 1283 849 1362 Negant
877 1285 966 1358 enim,

179 1401 350 1458 quemquam
374 1382 465 1440 virum
488 1382 596 1439 bonum
621 1401 695 1447 esse,
719 1381 775 1438 nisi
799 1381 966 1458 sapientem.

180 1479 227 1537 Sit
244 1479 285 1537 ita
301 1498 387 1537 sane:
409 1479 459 1536 sed
474 1497 536 1536 eam
551 1478 720 1554 sapientiam
735 1478 967 1553 interpretantur,

179 1595 264 1651 quam
280 1576 374 1634 adhuc
390 1574 517 1633 mortalis
530 1594 616 1632 nemo
630 1584 673 1631 est
687 1585 867 1632 consecutus.
902 1573 969 1632 Nos

162 1717 164 1721 .
181 1682 277 1730 autern
290 1691 326 1729 ea
338 1691 401 1748 quae
415 1681 482 1729 sunt
496 1671 526 1728 in
540 1690 594 1729 usu
608 1671 722 1746 vitaque
736 1671 893 1743 communi,
907 1689 968 1728 non

135 1741 166 1822 ἃ
181 1787 217 1826 ea
229 1787 292 1843 quae
305 1767 451 1844 finguntur
463 1777 511 1824 aut
522 1776 665 1842 optentur,
677 1778 807 1842 spectare
820 1766 967 1826 debemus.

181 1863 338 1938 Nunquam
352 1883 407 1941 ego
421 1863 527 1934 dicam,
542 1863 576 1921 G.
592 1863 768 1936 Fabricium,
783 1862 824 1920 Μ’
835 1864 968 1937 Curium,

181 1959 229 2018 Ti.
245 1959 470 2031 Coruncanium,
486 1978 558 2034 quos
572 1959 715 2036 sapientes
735 1961 826 2017 nostri
845 1960 969 2038 majores
1074 2004 1075 2033 2

178 2055 356 2133 judicabant,
373 2055 407 2114 ad
427 2056 546 2114 istorum
560 2075 689 2114 normam
710 2056 797 2114 fuisse
813 2056 967 2133 sapientes.

179 2152 282 2215 Quare
301 2153 355 2211 sibi
376 2153 500 2211 habeant
514 2152 661 2228 sapientiae
674 2171 790 2225 nomen,
806 2163 835 2211 et
848 2153 970 2211 invidio·
1074 2196 1075 2199 η

134 2261 166 2312 20
182 2269 245 2309 sum
259 2259 288 2307 et
302 2251 472 2319 obscurum;
495 2249 724 2325 concedantque,
739 2259 771 2307 ut
789 2250 818 2306 hi
832 2250 902 2307 boni
914 2249 969 2308 viri

182 2346 296 2406 suerint.
337 2346 385 2404 Ne
405 2346 434 2403 id
454 2345 570 2422 quidem
592 2345 720 2403 facient:
748 2347 905 2424 negabunt,
927 2346 967 2420 id,

181 2444 237 2502 nisi
251 2443 382 2520 sapienti,
396 2461 481 2519 posse
496 2443 627 2502 concedi.

221 2541 351 2619 Agamus
362 2540 449 2617 igitur
461 2539 562 2617 pingui
576 2538 719 2611 Minerva,
730 2549 762 2598 ut
777 2538 864 2598 aiunt.
904 2539 968 2603 Qui

81 2690 83 2694 ,
181 2637 222 2695 ita
235 2655 266 2694 se
280 2647 392 2715 gerunt,
409 2637 448 2694 ita
461 2636 568 2708 vivunt,
581 2646 612 2694 ut
625 2654 723 2694 eorum
736 2638 873 2712 probetur
885 2637 967 2710 fides,

134 2746 166 2796 ᾖ
182 2734 340 2812 integritas,
356 2733 483 2809 aequitas,
498 2733 663 2805 liberalitas,
674 2752 730 2791 nec
744 2733 781 2791 sit
796 2734 824 2790 in
840 2734 896 2792 illis
909 2734 969 2793 ulla

181 2831 333 2908 cupiditas,
349 2829 392 2887 vel
406 2829 506 2902 libido,
521 2830 564 2887 vel
582 2830 713 2902 andacia,
728 2829 842 2906 sintque
863 2830 967 2908 magni

182 2925 354 2998 constantii,
372 2936 404 2984 ut
424 2925 444 2983 ii
465 2926 590 2998 suerunt,
611 2925 698 2984 modo
715 2946 785 3002 quos
803 2926 967 2999 nominavi;

181 3023 233 3082 hos
247 3024 322 3082 siros
340 3024 442 3097 bonos,
453 3032 488 3082 ut
502 3022 595 3082 babiti
614 3033 690 3097 sunt,
705 3023 747 3082 sic
765 3022 852 3082 etiam
873 3022 967 3101 appel·
