2186 3532
134 270 171 330 ιθ
422 286 510 335 cauo
529 287 645 348 nmen
664 288 728 337 sau

176 443 318 506 naturam,
330 433 467 510 optimam
476 435 591 510 ducem,
599 447 745 514 tamquam
754 436 859 511 Deum,
868 437 963 514 sequi·

174 548 248 603 mur,
270 530 354 606 eique
373 550 523 609 paremus:
545 534 642 610 aqui,
661 553 720 593 non
733 532 888 593 verisimile
907 544 961 608 est,

175 645 243 684 curn
267 638 378 686 caetera
399 639 495 705 partes
513 630 604 688 aetatis
623 631 697 689 bene
719 630 869 708 descriptae
892 631 960 704 sint,

175 734 334 782 extremum
349 736 455 799 actum,
470 737 616 803 tamquam
631 728 667 785 ab
686 727 772 786 inerti
784 728 883 806 politi,
897 747 961 786 esse

145 836 162 885 5
175 821 349 899 neglectum.
391 823 450 881 Sed
463 833 560 881 tamen
574 842 694 882 necesse
708 824 762 882 fuit
775 845 840 884 esse
852 823 961 901 aliquid

174 928 343 991 extremum,
358 930 396 991 et,
411 929 556 996 tamquam
576 919 607 978 in
629 921 761 979 arborum
782 922 891 995 baccis,
905 932 961 979 ter·

176 1033 273 1091 raeque
308 1016 448 1093 frugibus,
482 1016 647 1075 maturitate
676 1017 845 1095 tempestivi
878 1017 961 1094 quasi

174 1111 281 1170 vietum
296 1122 325 1169 et
339 1111 500 1172 caducum:
522 1114 599 1189 quod
615 1113 765 1172 serendum
779 1123 822 1172 est
835 1113 960 1171 molliter

175 1208 305 1285 sapienti.
345 1208 429 1270 Quid
442 1209 521 1267 enirn
535 1220 578 1268 est
599 1209 687 1283 aliud,
701 1206 851 1289 gigantium
872 1210 960 1269 modo

130 1307 161 1356 1⁰
176 1305 282 1364 bellare
296 1324 363 1363 cum
377 1305 452 1378 Diis,
466 1305 523 1364 nisi
536 1317 645 1365 natura
658 1308 841 1385 repugnaret

214 1402 332 1461 Laelius.
373 1402 474 1478 AtquI,
488 1401 574 1476 Cato,
588 1402 783 1482 gratissimum
803 1402 898 1477 nobis,
913 1401 960 1482 (nt

175 1499 262 1558 etiam
271 1517 324 1576 pro
335 1497 473 1576 Scipione
486 1498 638 1581 pollicear)
650 1499 764 1573 leceris,
775 1499 811 1573 si,
821 1500 959 1578 quoniam

175 1614 331 1673 speramus,
354 1596 500 1674 (volumus
521 1595 638 1672 quidem
662 1598 754 1678 certe)
779 1615 863 1655 senes
885 1595 958 1669 fieri,

176 1703 242 1750 ante
255 1691 345 1750 multo
360 1711 377 1751 a
389 1703 419 1750 te
433 1691 630 1764 didicerimus,
645 1691 748 1768 quibua
762 1692 898 1752 facillime
914 1712 960 1752 ra-

129 1796 160 1847 15
174 1787 302 1846 tionibus
316 1788 562 1865 ingravescentem
575 1798 688 1847 atatem
700 1788 774 1847 ferre
785 1788 937 1866 possimus.

216 1883 297 1942 Cato.
338 1884 457 1943 Faciam
477 1904 554 1959 vero,
569 1884 657 1958 Laeli3
678 1885 836 1963 prasertim
849 1884 875 1944 si
889 1882 958 1944 utri-

174 1999 230 2057 que
244 1980 379 2053 vestrum,
393 1991 425 2040 ut
438 1980 521 2055 dicis,
536 1993 650 2060 gratum
663 1981 790 2040 futurum
804 1991 855 2041 eat.

212 2076 318 2154 Scipio.
359 2077 502 2136 Volumus
528 2098 608 2151 sane,
634 2077 692 2137 nisi
718 2078 869 2137 molestum
903 2087 957 2152 ost,

173 2173 258 2246 Cato,
273 2184 417 2250 tamquam
432 2175 556 2251 aliquam
566 2174 642 2233 viam
655 2175 771 2253 longam
786 2175 957 2249 confeceris,

125 2285 159 2336 ω
173 2290 259 2348 quam
279 2272 363 2330 nobis
377 2290 490 2348 quoque
504 2271 725 2350 ingrediendum
738 2272 786 2346 sit,
799 2272 886 2347 istuc,
900 2291 958 2350 quo

171 2368 337 2448 pervenisti,
351 2369 458 2448 videre,
472 2369 556 2446 quale
570 2368 663 2504 sit.)

210 2562 265 2623 111.
308 2563 388 2623 Cato.
430 2563 559 2636 Faciam,
573 2573 606 2622 ut
625 2574 737 2641 potero,
751 2561 831 2622 Laeli.
873 2563 957 2642 Saepo

170 2661 249 2719 enim
263 2659 379 2719 interfui
393 2660 517 2737 querelis
535 2678 666 2719 meorum
681 2659 844 2735 aequalium,
860 2657 957 2738 (pares

173 2769 268 2816 autem
292 2777 359 2816 cum
378 2756 505 2835 paribus,
526 2756 616 2815 veteri
635 2755 797 2834 proverbio,
819 2756 956 2816 facillime

125 2869 158 2922 25
172 2855 410 2935 congregantur,)
424 2873 488 2930 quaa
508 2853 543 2913 0.
558 2853 711 2925 Salinator,
726 2871 789 2929 quae
810 2853 859 2931 Sp.
875 2850 955 2911 Albi·

170 2970 236 3024 nus,
263 2951 394 3010 homines
421 2949 597 3023 consulares,
623 2948 715 3010 nomi
742 2949 802 3009 lere
822 2947 954 3025 aquales,

171 3048 320 3129 deplorare
340 3046 487 3120 solebant3
510 3056 572 3106 tum
595 3046 673 3125 quod
696 3045 889 3126 voluptatibus
908 3061 957 3103 cae
