2186 3532
352 303 417 351 ne
438 303 645 355 sanucrma,
911 271 963 357 10¹

119 449 153 513 in
180 450 267 513 claris
287 462 316 512 et
343 452 491 513 honoratis
511 454 589 528 viris,
609 453 660 513 sed
688 453 719 513 in
739 453 798 514 viat
816 453 905 513 etiam

119 548 232 625 privata
252 558 281 609 et
301 549 408 625 quieti.
458 551 618 628 Sophocles
641 551 677 609 ad
697 570 838 609 summam
862 569 906 610 so·

28 640 35 651 '
119 656 271 715 nectutem
284 647 437 725 tragedias
447 647 533 720 fecit3
548 646 625 724 quod
638 657 754 725 propter
764 647 904 721 studium,

121 761 189 800 curn
211 761 271 803 rem
292 743 459 803 familiarem
479 744 627 824 negligere
640 743 793 817 videretur,
809 744 905 803 sfiliis

122 839 153 896 in
165 838 306 915 judicium
320 850 437 898 vocatus
450 850 494 899 est
502 861 510 912 3
532 852 573 914 ut,
587 840 828 917 quemadmodum
840 859 905 898 nos·
918 857 935 907 5

122 946 167 994 tro
191 954 270 993 more
294 936 452 997 malorem
476 937 655 1016 gerentibus
668 936 798 1014 patribus
821 937 904 995 bonis

122 1030 257 1090 interdici
281 1034 364 1106 solet,
385 1034 428 1092 sic
455 1034 545 1107 illum,
567 1034 647 1111 quasi
668 1032 867 1110 desipientem,
889 1052 906 1092 a

121 1147 154 1187 re
182 1128 316 1193 familiari
342 1141 523 1190 removerent
546 1130 668 1209 judices
709 1130 789 1190 Tum
816 1148 905 1188 senex

119 1225 227 1284 dicitur
241 1246 304 1285 eam
318 1227 453 1300 fabulam,
468 1247 553 1304 quam
574 1228 604 1286 in
624 1227 757 1286 manibus
770 1226 904 1299 habebat,

117 1333 152 1381 et
173 1324 302 1400 proxime
322 1324 485 1401 scripserat,
505 1323 649 1401 OEdipurn
669 1324 841 1397 Coloneum,
862 1342 905 1383 re·
919 1342 949 1392 ιο

121 1419 227 1481 citisse
237 1420 393 1497 judicibus,
404 1419 605 1497 quaesisseque,
619 1440 690 1479 num
703 1420 772 1478 illud
788 1438 904 1479 carmen

120 1515 290 1593 desipientis
317 1516 479 1575 videretur:
513 1536 569 1594 quo
596 1515 728 1588 recitato,
754 1515 904 1573 sententiis

125 1595 257 1690 judicum
272 1621 315 1668 est
328 1611 474 1670 liberatus.

160 1707 241 1766 Num
263 1708 349 1787 igitur
370 1707 458 1782 hunc,
479 1728 548 1767 num
570 1706 741 1780 Homerum,
762 1725 832 1764 num
845 1704 905 1765 He·

120 1805 245 1878 siodum,
276 1825 345 1863 num
375 1805 564 1879 Simonidem,
595 1824 665 1863 num
695 1801 903 1876 Stesichorum,
919 1813 950 1862 15

121 1921 190 1961 num
206 1900 292 1981 (quos
313 1912 378 1960 ante
397 1901 470 1983 dixi)
486 1901 653 1973 Isocratem,
667 1899 815 1978 Gorgiam,
834 1918 904 1956 num

120 1997 355 2075 philosophorum
368 1997 524 2074 principes,
539 1997 740 2074 Pythagoram,
755 1994 905 2053 Democri·

120 2105 192 2167 tum,
221 2114 289 2152 num
317 2094 477 2166 Platonem,
505 2112 574 2151 narn
601 2092 807 2165 Zenocratem,
834 2110 904 2149 num

120 2201 221 2269 postea
247 2190 410 2263 Zenonem,
435 2188 615 2261 Cleanthem,
644 2199 692 2246 aut
718 2206 794 2259 eum,
819 2204 903 2263 quem

119 2305 172 2367 yos
192 2287 279 2346 etiam
299 2285 404 2344 Romae
427 2284 548 2358 vidistis,
572 2284 736 2363 Diogenem
760 2283 902 2353 Stoicum,
917 2295 949 2346 aa

119 2384 221 2463 ,coligit
235 2384 264 2441 in
277 2383 338 2442 sais
358 2381 460 2441 studiis
474 2383 672 2441 obmutescere
692 2379 846 2438 senectusl
868 2396 903 2435 arr

121 2500 180 2538 uon
207 2480 238 2538 in
264 2480 399 2538 omnibus
432 2479 468 2538 iis
501 2477 659 2538 studiorum
694 2474 811 2554 agitatio
838 2472 903 2530 vite

121 2576 239 2652 aequalis
252 2576 326 2635 fuitt

162 2672 237 2750 Age,
251 2685 282 2731 ut
302 2672 358 2732 ista
377 2671 475 2731 divina
493 2670 588 2730 studia
601 2670 774 2741 omittamus,
787 2684 903 2744 possum

122 2768 272 2828 nominare
298 2789 334 2828 ex
361 2788 430 2847 agro
458 2768 567 2827 Sabino
593 2767 717 2826 rusticos
744 2763 903 2836 Romanos,
916 2776 948 2827 ᾖ

121 2865 235 2925 ricinos
258 2876 286 2923 et
310 2866 463 2925 familiares
486 2883 576 2938 meos,
601 2863 705 2941 quibus
729 2857 902 2933 absentibus,

120 2981 267 3040 nunquam
288 2962 348 3020 sere
368 2962 426 3021 ulla
445 2962 475 3020 in
497 2981 565 3040 agro
585 2960 694 3038 majora
712 2977 800 3037 opera
820 2960 902 3032 liunt,

120 3057 339 3132 conserendis,
360 3078 418 3117 non
438 3057 641 3137 percipiendis,
662 3074 721 3115 non
744 3056 902 3117 condendis
