2178 3526
148 254 192 332 86'
349 281 486 341 umcros,
504 280 578 329 srva
597 280 641 328 on
663 276 819 329 umorum

194 431 251 510 ost)
267 428 303 488 ad
322 428 477 488 tollendam
493 428 649 489 amicitiam
662 428 746 488 vaiet.
786 426 862 487 Illud
881 425 981 505 potius

192 526 416 607 praecipiendum
436 526 500 599 fuit,
514 535 547 585 nt
559 545 624 585 eam
637 525 816 604 diligentiam
830 525 981 584 adhibere-

192 640 257 681 mus
291 624 320 681 in
353 622 488 681 amicitiis
521 621 732 699 comparandis,
759 631 793 680 nt
824 620 980 698 nequando
1083 702 1085 709 y

193 715 289 778 amare
309 712 501 797 inciperemus
520 739 596 792 eum,
611 738 696 796 quem
717 719 868 796 aliquando
881 718 982 778 odisse

162 824 348 893 opossemus.
388 816 569 888 Quinetiam,
591 817 616 874 si
630 816 726 874 minus
738 816 838 874 felices
858 816 889 874 in
908 815 981 874 deii-
1084 810 1085 813 ’

192 913 288 991 gendo
318 914 478 985 fuissemus,
505 911 655 971 serendum
681 911 711 970 id
745 911 846 989 Scipio
870 911 979 990 potius,

192 1028 277 1085 quarn
310 1008 526 1068 inimicitiarum
559 1019 673 1085 tempus
705 1008 900 1087 cogitandum,
926 1028 980 1087 pu-

193 1106 279 1163 tabat.

150 1286 157 1301 ’
230 1298 329 1358 XVIL
351 1298 408 1357 His
422 1297 509 1378 igitur
523 1299 626 1358 finibus
640 1299 778 1360 utendum
793 1297 981 1373 arbitrandi,

146 1407 177 1457 lo
191 1412 258 1454 cum
281 1396 425 1455 emendati
452 1415 546 1455 mores
574 1397 730 1455 amicorum
756 1395 824 1469 sint,
851 1404 912 1454 tum
938 1395 978 1454 sit

135 1496 137 1501 ’
191 1492 265 1550 inter
285 1511 335 1550 eos
355 1488 483 1551 omniirm
504 1511 609 1565 rerum,
630 1491 827 1565 consiliorum,
847 1491 979 1551 volunta·

189 1598 262 1661 tum,
271 1588 334 1646 sine
348 1589 407 1647 ulta
417 1589 598 1665 exceptione,
609 1588 814 1659 communem
835 1596 878 1660 ut,
888 1588 977 1647 otiam

190 1685 215 1741 si
228 1685 285 1761 qud
306 1685 421 1743 fortuni
442 1684 591 1757 acciderit,
605 1693 638 1742 ut
658 1683 754 1742 minus
770 1682 855 1760 justae
869 1669 979 1742 emicoss

149 1794 152 1801 ’
170 1775 174 1781 ’
190 1799 253 1838 rum
268 1781 428 1839 voluntates
449 1780 614 1857 adjuvandae
632 1781 699 1853 sint,
713 1779 744 1837 in
757 1779 862 1856 quibos
874 1798 977 1841 eornm

144 1891 176 1940 15
191 1886 239 1934 nut
257 1886 344 1952 caput
365 1887 466 1954 agatur
485 1886 534 1934 aut
554 1877 639 1948 fama,
658 1875 862 1935 declinandum
880 1877 919 1936 sit
937 1877 978 1937 de

189 1971 246 2044 rii,
266 1972 353 2029 modo
372 1991 411 2030 ne
429 1991 542 2031 summa
567 1972 716 2049 turpitudo
737 1983 880 2049 sequatur.
920 1973 977 2033 Est

189 2068 276 2141 enim,
291 2069 432 2145 quitenns
447 2069 581 2128 amicitiae
594 2069 657 2128 dari
671 2069 755 2128 venia
766 2070 867 2147 possit
906 2069 977 2130 Nec

188 2183 256 2222 vero
276 2165 449 2243 negligenda
468 2176 512 2224 est
532 2166 626 2225 fama:
645 2185 701 2224 nec
721 2166 868 2227 mediocre
882 2167 976 2229 telon

148 2264 152 2271 '
189 2261 225 2320 ad
238 2280 285 2319 res
298 2261 438 2339 gerendas
450 2263 613 2320 existimare
624 2272 735 2340 oportet
746 2263 974 2323 benevolentiam

143 2370 174 2421 20
188 2358 294 2418 cisium
303 2377 311 2429 3
331 2377 416 2433 quam
429 2359 576 2417 blanditiis
594 2369 628 2417 et
644 2359 816 2418 assentando
835 2360 976 2438 colligere

187 2465 270 2532 turpe
283 2466 334 2513 est.
368 2454 478 2528 Virtus,
489 2475 575 2532 qnam
588 2456 716 2534 sequitur
727 2455 841 2529 caritas,
853 2455 975 2519 minime

187 2552 365 2629 repudianda
377 2561 429 2610 est

227 2648 286 2705 Sed
306 2666 381 2724 saepe
394 2646 514 2723 (etenim
535 2648 622 2707 redeo
642 2648 677 2706 ad
697 2591 882 2725 Scipionem,
888 2648 975 2727 cnjus

153 2743 281 2802 omnis
301 2762 395 2802 senno
408 2755 469 2801 erat
488 2743 525 2801 de
539 2743 681 2826 amicitii)
697 2747 878 2821 querebatur,
893 2745 974 2821 quod

141 2839 173 2890 2⁵
186 2838 341 2897 omnibns
334 2857 362 2897 in
381 2840 467 2898 rebus
487 2839 620 2898 homines
638 2839 835 2919 diligentiores
855 2851 972 2914 essent,

187 2946 219 2993 ut
240 2955 340 3013 capras
360 2947 389 2994 et
409 2955 477 2995 oves
498 2947 567 3013 quot
589 2936 709 3013 quisque
730 2938 857 3012 haberet,
871 2939 973 2998 dicere

186 3034 299 3108 possen
321 3033 428 3094 amicos
441 3043 511 3110 quot
524 3033 652 3109 haberet,
665 3052 725 3097 non
743 3045 840 3113 posset
853 3035 970 3096 diceret
