2186 3532
260 287 397 347 murus,
416 288 490 336 stru
509 289 553 335 nu
573 288 729 336 aruum.
897 276 931 335 st

100 433 144 492 vel
165 433 269 512 glorid,
289 445 321 493 ut
341 435 412 494 nihil
432 447 530 513 posset
552 436 699 496 accedere.
740 434 888 493 Moriendi

101 541 196 588 autern
216 551 332 590 sensum
346 533 479 591 celeritas
493 533 626 591 abstulit:
647 551 704 609 quo
724 532 760 590 de
780 551 887 610 genere

99 626 202 684 mortis
221 627 339 686 difficile
359 628 439 686 dictu
459 638 521 700 est3
550 629 618 705 quid
643 628 774 686 homines
797 628 887 705 suspi-

100 733 213 795 centur,
225 724 335 783 videtis.
376 725 443 783 Hoc
456 735 552 783 temen
567 744 634 783 vera
647 725 717 783 licet
730 725 837 797 dicere,
852 725 884 782 P.
967 764 968 767 η

100 819 242 895 Scipioni,
266 839 303 879 ex
324 821 423 880 multis
445 821 558 895 diebus,
580 840 653 899 quos
676 822 706 880 in
730 821 789 878 vius
811 821 916 879 cele-5

99 915 239 974 berrimos
259 918 474 996 laetissimosque
495 918 608 991 viderit,
629 918 710 977 illum
730 917 807 975 diem
828 919 885 976 cla·

98 1012 243 1079 tissimum
268 1014 364 1088 fuisse,
385 1034 464 1088 cum,
488 1025 589 1074 senatu
613 1015 742 1087 dimisso,
765 1015 883 1073 domum
964 1024 969 1035 ·

98 1110 235 1169 reductus
249 1112 284 1169 ad
298 1130 447 1188 vesperum
461 1122 514 1185 est,
529 1133 547 1169 a
558 1098 687 1189 patribus
700 1111 882 1189 conscriptis,

98 1225 116 1263 s
133 1207 232 1282 populi
252 1207 379 1266 Romani
400 1208 489 1266 sociis
507 1217 537 1265 et
557 1200 678 1281 Latinis,
691 1208 784 1284 pridie
796 1226 882 1285 quum

96 1304 249 1362 excessite
265 1304 343 1362 rita:
365 1315 397 1363 ut
417 1324 453 1363 ex
472 1316 531 1363 tam
553 1305 610 1363 slto
630 1305 778 1382 dignitatis
791 1305 881 1384 gradu
897 1317 928 1367 to

96 1397 132 1456 ad
158 1418 278 1475 superos
303 1400 436 1458 videatur
460 1401 568 1477 potius,
591 1420 676 1476 quam
704 1400 740 1458 nd
766 1400 882 1472 inferos,

93 1496 267 1572 pervenisse.
308 1495 412 1571 Neque
432 1496 510 1555 euim
531 1496 668 1554 assentior
688 1496 734 1568 iis,
751 1497 800 1572 qui
820 1496 883 1553 hee

93 1610 186 1667 nuper
194 1592 341 1649 disserere
355 1602 513 1668 eruperunt,
528 1611 596 1649 cum
610 1592 779 1668 corporibus
798 1592 882 1649 simul

94 1686 208 1746 mimos
221 1687 348 1760 interire,
364 1698 449 1764 utque
462 1689 561 1747 omnin
573 1698 666 1747 morte
679 1688 776 1748 deleri.

133 1880 186 1940 lv.
226 1881 297 1940 Plus
327 1882 401 1959 opud
435 1901 482 1940 rue
516 1882 698 1958 antiquorum
725 1865 880 1942 {uctoritas
895 1899 926 1949 15

92 1978 177 2050 valet,
192 1978 235 2036 vel
250 1988 412 2037 nostrorum
433 1979 582 2057 majorum,
598 1978 661 2056 (qui
682 1980 801 2038 mortuis
821 1991 880 2039 tum

92 2073 228 2152 religiosa
253 2075 320 2151 jure
344 2075 523 2147 tribuerunt3
554 2075 631 2151 qnod
657 2095 716 2134 non
744 2076 880 2136 fecissent

91 2171 233 2249 profecto,
250 2172 275 2229 si
290 2170 363 2229 nihil
382 2172 418 2229 ud
435 2191 486 2230 eos
502 2173 646 2249 pertinere
661 2173 878 2252 arbitrarentur)

92 2267 137 2325 vel
150 2286 260 2340 eorum,
273 2268 323 2344 qui
339 2268 441 2327 inhac
457 2269 534 2326 terri
549 2269 674 2342 luerunt,
689 2286 878 2347 magnumque

91 2364 237 2423 Greciam
264 2365 341 2442 (quar
368 2384 447 2423 nunc
473 2365 588 2442 quidem
616 2366 711 2424 deletu
736 2375 789 2437 est,
817 2374 878 2423 tum
892 2376 926 2426 ω

73 2474 78 2482 '
92 2459 227 2540 florebat)
242 2460 380 2519 institutis
400 2471 430 2519 et
448 2461 600 2537 preceptis
617 2461 678 2519 suis
695 2461 878 2530 erudierunt;

92 2538 234 2633 rel-‘ejus
261 2557 310 2633 qui
337 2557 482 2634 Apollinis
508 2558 627 2617 oruculo
653 2556 880 2634 sapientissimus

92 2663 137 2712 est
155 2653 316 2729 judicatus:
339 2656 471 2731 quinon
495 2666 555 2714 tum
579 2656 644 2727 hoc,
663 2665 724 2712 tum
748 2653 829 2725 illud,
848 2662 880 2710 ut

92 2750 123 2808 in
143 2749 296 2826 plerisque,
319 2752 369 2810 sed
390 2752 466 2809 idem
487 2751 602 2809 dicebat
622 2769 743 2826 semper,
768 2748 878 2807 animos

11 2858 12 2861 ’
92 2847 244 2905 hominum
267 2866 330 2905 esse
353 2848 474 2920 divinos,
499 2848 599 2925 iisqne,
627 2866 694 2905 cum
717 2865 734 2902 e
758 2863 878 2921 corpore
891 2855 925 2909 ω

92 2943 294 3015 excessissent,
313 2944 434 3003 reditum
456 2945 486 3003 iu
507 2946 612 3003 coelunt
631 2953 738 3020 petere,
757 2941 879 3019 optimo·

92 3059 148 3118 que
162 3051 191 3098 et
201 3039 360 3118 justissimo
373 3041 478 3117 cuique
490 3040 742 3119 expeditissimum.
765 3054 780 3097 ·,

288 3137 310 3197 6
791 3146 795 3159 .
