2178 3526
251 286 388 347 murus,
410 286 484 334 snm
505 287 549 334 nn
565 286 723 335 anucrma
887 264 929 327 tt

94 428 275 516 notissimum
289 438 424 518 diligunt,
438 439 590 516 exquibus
608 449 724 516 sperant
743 457 775 496 se
795 436 884 495 maxi*

95 554 173 595 mum
199 534 324 594 lrirctum
346 556 409 595 esse
430 548 572 615 capturos.
621 537 668 595 lta
687 535 882 613 pulcherrima

95 620 143 691 itti
158 643 187 691 et
200 634 325 692 maxime
340 635 463 693 naturali
478 644 578 693 carent
593 635 729 708 amicitia,
743 654 794 711 per
808 654 839 692 se
853 644 882 692 et

93 740 210 808 propter
223 750 254 789 se
264 732 442 809 expetendi:
463 751 518 791 nec
533 733 587 809 ipsi
601 733 656 791 sibi
665 732 795 809 exemplo
805 741 881 805 sunt,

94 827 157 886 lraec
171 828 214 886 vis
228 828 362 888 amicitiae
376 830 467 906 qualis
478 840 507 887 et
521 841 628 907 quanta
641 830 685 889 sit.
727 829 793 906 Ipse
804 831 880 888 enim
895 836 915 886 5

93 944 125 982 se
138 925 258 1002 quisque
272 926 375 1005 diligit,
390 947 449 985 non
470 939 502 986 ut
522 928 645 1004 aliquam
660 948 677 986 a
690 946 720 985 se
735 928 796 1005 ipse
811 947 883 985 mer·

93 1022 194 1080 cedem
209 1024 305 1102 exigat
321 1024 451 1083 caritatis
470 1045 539 1097 suae,
555 1026 604 1083 sed
620 1026 696 1102 quod
709 1045 760 1102 per
781 1045 811 1083 se
826 1022 888 1082 sibi'

92 1119 212 1196 quisque
227 1140 311 1180 carus
324 1132 387 1181 est:
407 1123 484 1199 quud
505 1122 561 1181 nisi
582 1123 658 1181 idem
679 1124 709 1180 in
725 1123 882 1181 amicitiam

92 1218 289 1292 transferatur,
303 1238 386 1278 verus
409 1220 518 1278 amicus
540 1235 685 1297 nunquam
707 1221 881 1297 reperietur·

91 1324 136 1373 cst
148 1315 225 1374 enim
240 1316 265 1374 is
278 1317 394 1393 quidem
408 1327 542 1394 tanquam
558 1317 628 1376 ulter
643 1318 727 1376 idem.
896 1314 932 1377 rc'

129 1411 221 1474 Quod
234 1414 259 1471 si
270 1414 326 1472 hoc
339 1425 455 1491 apparet
466 1416 495 1472 in
507 1414 616 1487 bestiis,
628 1415 803 1487 volucribus,
813 1435 883 1472 nan·

90 1509 179 1582 tibus,
195 1511 362 1589 agrestibus,
378 1511 534 1584 cicuribus,
556 1511 632 1583 feris,
652 1512 774 1588 primum
796 1522 828 1570 ut
851 1531 884 1569 se

91 1605 162 1684 ipsae
173 1607 294 1685 diligant
305 1608 351 1685 (id
361 1609 439 1667 euim
449 1609 556 1686 pariter
565 1628 630 1666 curn
642 1608 721 1667 omui
737 1608 882 1667 animante

90 1704 246 1785 nascitur),
261 1705 376 1778 deinde,
388 1716 420 1763 ut
433 1706 579 1782 requirant
594 1716 678 1783 atque
690 1715 834 1782 appetant,
846 1704 882 1763 ad

91 1820 162 1878 quas
184 1820 215 1859 se
240 1804 394 1880 applicent,
416 1803 544 1881 ejusdem
566 1804 680 1882 generis
705 1803 880 1874 animantes;
897 1786 931 1853 15

91 1898 180 1974 idque
206 1899 317 1959 faciunt
345 1920 410 1959 cum
439 1901 593 1974 desiderio,
612 1911 641 1959 et
665 1920 730 1958 cum
758 1902 880 1978 quadam

91 1987 281 2055 similitudine
296 1998 399 2056 amoris
419 1997 538 2056 humani
547 2018 554 2069 ;
577 2009 684 2074 quantu
698 1998 728 2055 id
746 1997 838 2076 magis
851 1998 881 2056 in

90 2093 209 2153 homine
220 2094 252 2152 fit
265 2095 378 2168 natura,
388 2095 435 2171 qui
445 2106 474 2153 et
488 2116 518 2153 se
534 2096 594 2172 ipse
609 2096 712 2174 diligit,
721 2105 751 2153 et
762 2096 882 2153 alterum

91 2191 228 2268 anquirit,
243 2192 327 2269 cujus
341 2192 467 2250 animum
489 2193 530 2251 ita
551 2212 618 2251 cum
638 2212 691 2251 suo
705 2193 835 2265 misceat,
850 2201 882 2250 ut

90 2288 199 2348 efficiat
211 2308 299 2366 pene*
307 2308 397 2362 uuum
410 2308 447 2361 err
460 2290 590 2366 duabusl
896 2297 931 2348 2⁰

131 2481 235 2542 XXII.
277 2483 336 2542 Sed
351 2484 480 2562 plerique
499 2504 631 2569 perverse
647 2483 698 2564 (ne
712 2485 817 2557 dicam,
832 2483 885 2545 irn-

90 2578 248 2659 pudenter)
272 2581 397 2639 amicum
418 2581 523 2641 habere
546 2582 633 2640 talem
654 2581 764 2654 volunt,
785 2581 883 2661 quales

91 2676 149 2754 ipsi
168 2695 231 2735 ease
245 2696 304 2736 non
313 2689 452 2755 pessunt:
474 2698 593 2757 quaeque
606 2679 660 2757 ipsi
674 2699 733 2736 non
753 2658 884 2735 tribuunt

92 2773 206 2845 amicis,
229 2775 292 2833 haec
315 2777 351 2833 ab
375 2776 411 2834 iis
424 2776 598 2836 desiderant.
639 2776 695 2834 Par
709 2787 753 2833 est
777 2785 882 2846 autem,

90 2871 217 2949 primum
241 2872 333 2950 ipsum
356 2892 420 2932 esse
434 2874 526 2931 virum
548 2876 666 2945 bunum,
680 2883 742 2930 tum
764 2873 882 2930 alterum
897 2875 930 2927 ᾖ

91 2969 218 3028 similem
232 2970 277 3028 sui
291 2988 428 3046 querere.
469 2971 506 3030 Iu
521 2971 627 3030 talibus
646 2990 691 3042 ea,
706 2988 790 3046 quam
813 2968 885 3047 jam·

92 3064 204 3126 dudum
217 3076 383 3141 tractamus,
405 3068 545 3127 stabilitas
566 3067 699 3127 amicitie
720 3066 884 3127 confirmari
