2178 3526
114 235 174 297 m
319 224 547 305 umbrosanae
566 246 610 294 nu
628 241 784 295 aurorum.

154 392 228 454 voum
241 392 328 452 ferret
347 392 441 472 legem
461 394 498 453 do
517 392 640 454 tribunis
658 391 752 471 plebis
764 387 947 451 reficiendis!

159 488 355 551 Dissuasimus
366 509 431 550 nos.
467 491 528 550 Sed
541 491 612 551 nihil
624 490 660 551 de
674 508 736 549 me:
756 488 794 547 de
807 484 948 563 Soipione

161 586 257 647 diuam
275 585 419 648 libentius.
457 587 578 655 Quanta
596 586 646 647 iila
659 586 724 665 (Dii
737 583 911 645 immortales
922 582 946 664 i)

162 682 216 743 suit
238 683 377 761 gravitasl
405 662 512 762 qu'anta
534 683 564 745 in
586 684 715 745 orations
736 680 885 760 majestas!
913 689 949 738 ut

130 780 247 843 ofaeile
263 780 368 839 duoem
387 781 486 858 papuli
506 781 645 854 Romani,
659 799 718 839 non
739 780 884 852 comitem,
904 776 950 837 di·

162 897 252 939 cerea
293 876 367 956 (Sed
382 878 517 938 affuistis:
538 888 568 936 et
581 888 625 939 est
637 879 669 937 in
683 877 814 937 manibus
827 874 946 954 oratio.)

161 975 264 1053 Itaque
283 976 330 1033 lex
349 975 495 1053 popularis
517 974 782 1054 suffragiispopuli
798 972 949 1051 repudiata

161 1082 214 1131 est.
255 1073 361 1148 Atque,
385 1082 418 1130 ut
440 1073 476 1131 ad
500 1092 546 1132 me
565 1073 691 1145 redeam,
710 1070 889 1143 meministis,
903 1069 946 1133 Q.

162 1167 301 1240 Maximo,
312 1169 398 1227 fratre
412 1169 567 1246 Scipionis,
579 1180 608 1228 et
620 1168 655 1228 L.
667 1168 807 1229 Mancino
822 1166 949 1227 oonsuli-

116 1263 148 1315 10
162 1267 225 1339 bus,
239 1285 324 1343 quam
337 1267 482 1343 popularis
497 1267 544 1325 lex
557 1267 593 1325 de
607 1266 775 1327 sacerdotiis
789 1265 823 1325 C.
837 1262 948 1324 Licinii

162 1363 260 1440 Crassi
272 1364 439 1423 videbatur:
461 1364 607 1442 cooptatio
621 1363 698 1422 enim
712 1363 900 1441 collegiorum
910 1361 948 1420 ad

161 1445 259 1539 populi
273 1460 445 1523 beneficium
466 1461 695 1521 transferebatur.
737 1460 833 1536 Atque
853 1458 878 1517 is
890 1458 949 1535 pri·

162 1578 241 1617 mum
251 1559 382 1632 instituit,
392 1559 423 1617 in
432 1558 524 1617 forum
535 1577 642 1631 versus,
655 1576 739 1636 agere
750 1576 816 1615 oum
826 1555 947 1633 populo:

161 1666 258 1715 tamen
269 1657 345 1714 illius
355 1656 527 1714 vendibilem
537 1656 695 1714 orationem
706 1654 807 1732 religio
820 1653 949 1712 Deorum

117 1753 374 1826 immortalium,
395 1753 478 1811 nobis
498 1752 727 1824 defendentibus,
747 1751 832 1811 iaeilo
852 1751 949 1811 vinos-

105 1890 109 1901 ·
162 1851 218 1908 bat.
259 1849 356 1925 Atque
383 1849 412 1906 id
439 1858 534 1907 aetum
558 1859 611 1921 est,
637 1858 760 1926 pretore
787 1868 843 1922 me,
866 1849 950 1926 quin-

162 1945 286 2023 quennio
301 1956 366 2004 ante
376 1945 572 2029 quameousul
586 1965 648 2004 sum
664 1946 764 2005 faetus.
805 1945 905 2023 Itaque
916 1966 948 2005 re

160 2042 262 2121 magis,
276 2062 362 2119 quam
376 2043 554 2115 auctoritate,
567 2061 656 2102 oausa
668 2043 719 2102 illa
732 2043 852 2103 defensa
863 2054 917 2103 est.

200 2235 313 2295 XXVI.
340 2237 429 2300 Quod
441 2236 465 2295 si
476 2235 506 2295 in
517 2236 606 2295 soend
618 2234 661 2314 [id
669 2248 722 2311 eat,
732 2237 762 2296 in
774 2239 944 2321 oonoione]‚

115 2342 147 2394 2]
161 2332 192 2394 iu
206 2333 263 2411 qud
276 2335 361 2393 rebus
375 2334 451 2393 fietis
469 2344 498 2392 et
519 2334 694 2393 adumbratis
714 2335 771 2395 loei
791 2336 946 2413 plurimum

160 2440 213 2503 est,
227 2441 323 2489 tamen
336 2450 435 2489 verum
446 2431 520 2489 valet
533 2430 571 2507 (si
584 2431 671 2490 modo
685 2431 714 2490 id
727 2433 902 2509 patefactum
917 2443 947 2492 et

160 2526 331 2587 illustratum
353 2529 421 2609 est),
446 2528 513 2606 quid
537 2528 566 2587 in
589 2529 716 2587 amicitie
737 2529 799 2588 fieri
822 2541 944 2607 oportet,

158 2643 222 2701 quaa
241 2634 303 2682 tota
321 2624 441 2682 veritate
458 2625 664 2702 perpenditur?
688 2626 718 2683 in
737 2626 794 2702 qui
813 2627 870 2684 nisi
899 2627 946 2703 (ut

159 2720 278 2802 dieitur)
301 2731 428 2799 apertum
447 2731 549 2799 peetus
567 2721 673 2794 videas,
695 2733 833 2801 tuumque
850 2734 946 2784 osten·

111 2817 219 2891 ssdas,
243 2817 314 2876 nibil
338 2818 437 2891 fidum,
458 2818 529 2877 nihil
553 2818 729 2895 exploratum
754 2819 877 2880 habeas:
906 2841 945 2880 ne

159 2933 255 2973 amare
264 2916 389 2992 quidem,
401 2926 449 2974 aut
460 2914 564 2985 amari3
579 2934 656 2988 oum,
671 2916 701 2974 id
711 2936 796 2994 quam
807 2937 872 2976 vere
883 2918 942 2992 fiat,

156 3009 279 3088 ignores.
326 3013 501 3091 Quanquam
537 3012 593 3070 ista
623 3014 787 3088 assentatio,
815 3015 944 3091 quamvis
