2186 3532
136 250 176 312 uz
343 266 479 325 usuros,
497 266 572 315 srvs
592 266 635 314 ns
654 265 811 315 runcum

215 412 310 476 Quod
332 413 401 472 item
426 414 558 492 Scipioni
577 414 746 485 ridebatur;
771 414 966 491 quiquidem,

180 512 260 588 quasi
275 512 450 590 prasagiret,
465 512 616 589 perpaucis
637 523 703 570 aute
722 521 842 570 mortem
863 512 969 572 diebus

180 607 261 685 (cum
287 618 317 666 et
343 607 443 667 Philus
467 619 496 667 et
521 607 660 667 Manilius
690 608 832 681 adessent,
858 618 888 667 et
914 608 966 667 alii

177 706 282 784 plures,
297 717 385 783 tuque
404 706 501 778 etiam,
519 705 659 778 Scaevola,
675 725 790 764 mecum
811 706 964 786 venisses),

146 803 304 864 5triduum
324 804 458 862 disseruit
477 803 513 860 de
533 802 703 879 republicd:
733 801 815 878 cujus
838 801 966 878 disputa·
1064 866 1068 871 ,

176 900 263 959 tionis
283 901 338 958 fuit
358 911 515 958 extremum
536 900 595 957 fere
616 901 652 957 de
673 899 886 957 immortalitate
902 899 963 958 ani·

175 1016 286 1055 morum
298 1017 305 1068 3
327 1017 389 1074 quae
403 1016 434 1054 se
448 997 477 1054 in
491 996 589 1074 quiete
599 1015 651 1073 per
665 995 757 1054 vuum
771 1015 807 1053 ex
820 995 963 1054 Africano

176 1092 289 1152 audisse
303 1094 426 1152 dicebat.
457 1093 491 1151 Id
505 1094 529 1152 si
544 1094 585 1151 ita
597 1104 650 1165 est,
662 1102 694 1150 ut
707 1093 808 1169 optimi
822 1093 963 1170 cujusque

175 1189 287 1248 animus
314 1190 344 1248 in
371 1199 462 1248 morte
488 1190 625 1249 facillime
651 1190 754 1261 evolet,
781 1200 916 1266 tanquam
943 1208 962 1247 e

128 1295 160 1346 10
174 1286 306 1344 custodid
332 1286 511 1364 vinculisque
545 1287 695 1364 corporis;
730 1285 778 1344 cui
807 1305 961 1345 censemus

174 1402 289 1441 cursum
310 1384 346 1442 ad
366 1384 446 1442 Deos
462 1384 619 1443 faciliorem
635 1384 732 1455 fuisse,
747 1402 831 1459 quarn
847 1383 960 1460 Scipio·

172 1479 226 1538 nil
265 1479 426 1553 Quocirca,
439 1499 560 1539 moerere
576 1480 631 1539 hoc
644 1480 706 1557 ejus
719 1489 834 1551 eventu,
848 1498 957 1552 vereor,

172 1596 210 1635 ne
224 1577 313 1636 invidi
327 1578 419 1655 magis
432 1597 517 1654 quarn
539 1577 624 1635 amici
644 1578 689 1635 sit.
731 1575 784 1634 Sin
799 1586 893 1635 autern
908 1577 959 1636 illa
1012 1602 1016 1608 ·

171 1674 292 1746 veriora,
309 1684 341 1731 ut
358 1674 434 1731 idem
456 1674 588 1732 interitus
607 1673 644 1731 sit
666 1673 825 1731 animorum
844 1683 875 1731 et
895 1691 960 1730 cor·

126 1777 158 1827 15
170 1789 282 1846 porum,
299 1789 355 1827 nec
375 1771 451 1828 ullus
470 1788 570 1828 sensus
591 1780 722 1839 maneat3
744 1779 776 1827 ut
795 1769 866 1827 nihil
887 1770 958 1828 boni

170 1865 264 1923 estin
285 1876 386 1938 morte,
407 1865 450 1923 sic
471 1876 549 1923 certe
568 1865 640 1923 uilril
661 1866 751 1924 mali:
772 1886 858 1924 sensu
878 1866 957 1925 enim

172 1960 286 2034 amisso,
300 1961 331 2019 lit
346 1961 432 2034 idem,
446 1962 527 2038 quasi
545 1971 630 2021 natus
645 1980 704 2019 non
724 1973 800 2020 esset
819 1963 956 2023 omnino:

170 2076 256 2135 quern
279 2067 375 2116 tamen
399 2077 462 2116 esse
486 2069 584 2117 natum
608 2069 637 2116 et
659 2077 713 2116 nos
736 2059 904 2137 gaudemus,
928 2069 959 2117 et

172 2155 234 2214 haec
249 2154 359 2227 civitas,
374 2157 442 2213 dum
457 2155 520 2227 erit,
535 2155 685 2226 letabitur.

102 2264 105 2268 ’
124 2263 158 2315 2⁰
209 2251 417 2324 Quamobrem,
432 2271 498 2309 cum
520 2252 569 2310 illo
588 2251 704 2329 quidem
724 2250 769 2330 (ut
783 2251 955 2335 supradixi)

153 2355 269 2406 “actum
282 2347 389 2424 optime
402 2357 464 2418 est;
485 2365 598 2405 mecum
619 2347 831 2405 incommodius
842 2368 849 2418 ;
870 2366 957 2424 quem

171 2443 264 2501 suerat
290 2443 408 2519 aquius,
436 2453 468 2500 ut
492 2444 572 2519 prius
598 2444 775 2516 introieram,
801 2444 845 2502 sic
875 2445 957 2521 prius

170 2541 249 2598 exire
269 2539 306 2597 de
326 2540 391 2597 virt.
433 2539 492 2597 Sed
512 2550 608 2598 tamen
629 2540 829 2599 recordatione
852 2551 957 2600 nostras

172 2625 305 2695 amicitie
325 2636 367 2693 sic
389 2636 476 2709 lluor,
493 2646 525 2695 ut
543 2638 626 2694 beate
644 2636 747 2695 vixisse
765 2637 872 2710 videar,
889 2637 959 2715 quia

125 2741 157 2793 ᾖ
172 2752 238 2791 cum
255 2732 393 2809 Scipione
407 2733 542 2804 vixerim3
563 2751 687 2809 quocum
708 2734 778 2792 milri
799 2734 958 2811 conjuncta

171 2849 242 2887 cura
255 2829 291 2886 de
305 2829 465 2906 republica
485 2840 514 2887 et
533 2830 570 2887 de
586 2830 696 2907 privati
710 2830 773 2903 luit,
787 2850 912 2907 quocum
926 2841 958 2888 et

172 2925 274 2983 domus
294 2935 323 2983 et
343 2926 446 2985 militia
459 2926 639 2998 communis,
661 2936 689 2984 et
710 2925 764 3005 (id,
786 2927 816 2985 in
835 2946 893 3004 quo
912 2939 959 2986 est

170 3022 266 3080 omnis
283 3023 326 3082 vis
344 3022 492 3104 amicitie)
507 3023 695 3098 voluntatum,
709 3023 880 3098 studiorum,
893 3042 960 3083 sen·
