2186 3532
131 254 173 319 ult
420 264 508 314 caru
527 264 643 355 ιιιιοιι,
658 259 719 313 ssu

177 419 299 477 eterrs:
320 437 382 494 que
403 435 440 474 ex
458 414 507 476 fici
526 416 638 475 tantulo
651 412 753 494 grano,
766 425 815 474 aut
828 433 864 473 ex
877 414 965 474 acino

176 517 307 585 vinaceo,
329 524 377 573 aut
396 533 434 572 ex
452 525 620 573 ceterarum
641 513 755 590 frugum
776 531 811 571 ac
830 511 962 590 stirpium

176 610 376 671 minutissimis
389 609 556 681 seminibus,
568 619 664 667 tantos
677 620 797 668 truncos
810 626 967 687 ramosque-

172 718 323 786 procreat:
339 707 473 780 malleoli,
487 707 603 783 planta,
613 716 766 779 ammenta,
781 706 959 779 viviradices,

144 805 356 882 apropagines,
371 823 467 864 nonne
486 822 522 861 es
541 803 680 876 efficiunt,
694 814 726 862 ut
744 803 872 879 quemvis
892 822 959 862 curn

176 902 365 961 admiratione
402 901 568 959 delectanti
621 900 698 958 Vitis
730 899 856 976 quidem,
895 920 958 977 qun
1055 952 1059 960 .

174 1001 276 1057 natum
297 998 409 1056 caduca
428 1008 482 1070 est,
502 1008 542 1070 et,
562 997 619 1055 nisi
639 997 711 1055 fulta
729 997 776 1070 sit,
798 997 833 1055 sd
853 1007 960 1056 terrant

175 1097 279 1166 lertur3
300 1096 411 1168 eadem,
425 1105 458 1153 ut
470 1114 502 1154 se
515 1095 617 1173 erigat,
631 1093 780 1153 claviculis
793 1094 862 1168 suis,
876 1095 958 1170 qussi

173 1191 315 1263 manibus,
326 1192 462 1269 quidquid
474 1202 518 1250 est
527 1201 622 1264 nacta,
633 1191 847 1268 complectitur:
862 1209 957 1268 quam,-

130 1291 159 1340 10
174 1298 335 1366 serpentem
368 1287 520 1365 multiplici
552 1287 633 1365 lapsu
660 1298 690 1346 et
722 1288 855 1361 erratico,
883 1288 958 1347 ferro

175 1396 325 1463 amputans
344 1390 463 1445 coercet
483 1405 529 1443 ars
550 1371 751 1495 agricolarum,
771 1404 810 1443 ne
823 1385 956 1444 silvescat

174 1483 334 1554 sarmentis,
355 1492 384 1541 et
410 1483 441 1542 in
464 1501 564 1541 omnes
583 1491 679 1559 partes
703 1481 794 1541 nimia
813 1483 955 1542 fundatur.

173 1579 283 1656 Itaque,
304 1581 422 1639 ineunte
441 1598 517 1653 vere,
543 1579 573 1638 in
601 1580 637 1638 iis
663 1599 726 1655 qua
752 1579 854 1639 relicta
879 1590 955 1689 sunt,

168 1627 312 1785 lapids,
314 1687 456 1785 tanquam
473 1679 508 1735 ad
524 1677 660 1735 articulos
680 1687 896 1749 sarmentorum,
910 1695 955 1749 ea,

129 1782 159 1829 15
172 1793 236 1849 quae
263 1792 378 1849 gemma
402 1743 525 1843 dicitnr;
561 1793 578 1831 a
603 1773 661 1849 qui
687 1773 784 1830 oriens
810 1793 867 1831 uva
892 1793 956 1832 sese

171 1868 313 1938 ostendit,
334 1888 407 1945 qun,
434 1879 464 1927 et
490 1887 581 1926 succo
606 1878 688 1927 terrae
715 1879 744 1927 et
767 1871 864 1929 calore
887 1870 956 1930 solis

174 1982 342 2041 augescens,
355 1964 449 2040 primo
462 1974 504 2022 est
517 1965 726 2044 peracerbagu
725 1977 844 2081 gtptu·
841 1967 955 2040 deinde,

173 2070 323 2132 maturata,
345 2060 502 2133 dulcescit,
535 2061 693 2139 vestitaque
717 2065 870 2141 pampinis,
901 2083 959 2124 nec

173 2156 290 2215 modico
312 2167 411 2234 tepore
435 2169 523 2231 caret,
548 2169 577 2217 et
600 2159 705 2218 nimios
732 2161 802 2220 solis
828 2161 956 2220 defendit

128 2260 159 2310 20
174 2253 307 2313 ardores:
321 2254 377 2331 qni
388 2254 456 2329 quid
469 2265 563 2331 potest
576 2275 649 2329 esse,
664 2276 730 2315 cum
745 2258 840 2317 fructu
853 2258 954 2331 letius,
1005 2252 1008 2259 ⁴

174 2361 234 2409 tum
263 2349 399 2427 adspectu
431 2350 599 2427 pulchriusl
633 2352 716 2429 cujus
748 2353 864 2430 quidem
897 2373 955 2413 non

174 2446 283 2505 utilitas
316 2465 361 2504 me
395 2447 497 2519 solum,
532 2457 563 2505 ut
597 2458 663 2507 aute
696 2449 765 2522 dixi,
792 2450 843 2507 sed
869 2450 956 2510 etism

175 2543 298 2614 cultura,
313 2552 341 2601 et
355 2542 416 2620 ipsa
428 2552 539 2616 natura,
554 2544 694 2617 delectst3
717 2545 956 2607 adminiculorum

175 2639 301 2711 ordines,
315 2639 441 2716 capitum
453 2639 574 2719 jugatio,
588 2641 722 2719 religatio
741 2653 771 2701 et
790 2645 958 2724 propagatio

128 2740 162 2791 βῆ
176 2734 286 2794 virium.
301 2744 574 2814 sarmentorumque,
590 2756 633 2811 ea,
648 2757 733 2814 quam
753 2739 823 2813 dixi,
839 2740 957 2801 aliorum

143 2828 147 2834 ’
177 2832 346 2908 amputatio,
361 2834 480 2893 altorum
496 2833 644 2892 immlssio.

214 2927 297 2989 Quid
325 2947 380 3007 ego
406 2928 596 3007 irrigationes,
620 2930 688 3007 quid
721 2931 860 2993 fossiones
887 2933 957 3011 agri,

177 3024 478 3104 repastinationesque,
505 3026 658 3104 proferam,
681 3029 785 3105 quibus
807 3030 839 3089 fit
864 3028 956 3097 multo
